1911 3215
799 122 857 165 43

74 256 160 286 vss.
191 241 361 286 47-50
390 245 435 284 in
467 246 556 284 tres
590 241 818 285 contraxit
878 240 943 280 Ex
973 239 1043 279 his
1082 249 1119 276 v.
1156 234 1214 276 49
1256 237 1364 276 mihi
1406 237 1469 275 ita
1511 247 1582 275 ex-

75 315 304 365 plicandus
334 314 528 361 xidetur,
570 315 620 352 ut
650 323 704 351 ex
735 310 923 351 chiasmi
958 310 1061 360 lege
1101 307 1261 345 vocula
1301 303 1496 356 „magis“
1538 306 1583 344 in

74 384 161 425 fine
200 383 357 436 prioris
399 381 588 422 membri
629 380 847 421 collocata
885 376 1131 430 repetenda
1173 375 1231 416 sit
1277 375 1322 415 in
1366 373 1582 426 principio

74 453 332 503 posterioris
364 450 578 503 (Crudelis
607 453 753 489 mater
781 449 929 499 magis
961 451 1031 487 est
1069 459 1125 486 an
1165 445 1312 495 magis
1354 445 1582 494 improbus

7 557 47 576 ¹
74 522 148 561 ille
177 519 338 571 puer?),
370 521 433 560 ita
463 523 512 559 ut
544 531 645 559 eum
667 519 888 569 Wagnero
922 516 1194 557 sententiam
1227 515 1314 553 huc
1344 513 1487 552 redire
1517 524 1583 551 ar-

74 590 224 628 bitrer:
257 592 494 640 postquam
524 590 676 638 pastor
700 586 1076 633 commemoravit,
1109 584 1163 624 ab
1188 583 1353 622 Amore
1376 581 1582 620 Medeam

75 658 185 697 adeo
217 657 272 697 ad
302 657 466 696 liberos
499 656 784 696 trucidandos
815 656 1054 706 impulsam
1096 665 1218 701 esse,
1260 651 1407 692 subito
1448 650 1583 700 hujus

74 724 281 765 facinoris
313 724 526 763 memoria
563 724 625 763 ita
663 726 986 771 commovetur,
1029 726 1077 761 ut
1117 722 1161 761 in
1202 721 1339 760 verba
1381 720 1585 768 erumpat

73 794 295 840 „Crudelis
326 797 376 831 tu
405 804 579 843 quoque
610 791 786 831 mater“.
846 793 1066 831 Dubitans
1099 791 1278 837 deinde,
1321 801 1378 828 an
1412 789 1583 835 majore

19 850 21 852 ’
75 860 208 899 etiam
249 862 355 899 nota
395 859 530 911 digna
570 860 627 898 sit
657 859 839 907 Medea,
881 859 1075 911 quaerit,
1117 861 1266 897 utrum
1306 857 1350 895 in
1392 858 1582 895 matrem

4 938 24 945 ··
75 930 219 978 magis
251 929 522 968 crudelitatis
554 941 610 967 an
641 929 687 967 in
718 940 907 978 puerum
938 929 1084 978 magis
1106 927 1404 977 improbitatis
1425 937 1581 975 oppro-

75 996 217 1036 brium
250 996 494 1037 conveniat.
555 996 756 1048 Denique
787 1008 881 1035 rem
913 996 976 1036 ita
1007 995 1214 1043 absolvit,
1248 998 1298 1033 ut
1329 994 1581 1046 graviorem

73 1065 366 1115 improbitatis
397 1068 548 1104 notam
579 1076 727 1115 puero,
759 1066 971 1104 leviorem
1004 1064 1277 1103 crudelitatis
1309 1063 1438 1102 matri
1460 1062 1582 1101 attri-

2 1144 3 1148 ’
73 1135 191 1174 buat.
245 1134 310 1173 Ita
341 1134 378 1174 si
409 1143 565 1174 versus
597 1134 972 1184 explicaverimus,
1003 1144 1148 1185 neque
1182 1133 1274 1181 erit,
1306 1132 1473 1182 opinor,
1505 1143 1583 1171 cur

1 1191 9 1240 ἶ.
73 1214 173 1241 cum
205 1202 459 1242 Hermanno
493 1203 708 1249 dicamus,
739 1214 777 1242 v.
808 1198 866 1241 48
897 1213 984 1242 non
1017 1215 1182 1255 quoque,
1225 1202 1304 1241 sed
1335 1202 1486 1253 quide-m
1517 1201 1580 1239 di-

3 1255 6 1259 *
76 1270 261 1310 cendum
307 1269 465 1317 fuisse,
514 1282 626 1322 quae
671 1271 885 1321 particula
927 1271 972 1310 in
1018 1273 1286 1310 commotam
1333 1270 1581 1310 orationem

74 1339 256 1378 minime
291 1341 394 1388 apta
425 1342 505 1387 est,
536 1350 680 1391 neque
711 1339 988 1389 probandum
1020 1348 1120 1378 esse
1151 1339 1429 1388 putabimus,
1463 1339 1581 1390 quod

5 1457 24 1461 ,‚
74 1407 191 1445 idem
223 1406 386 1454 adjecit
404 1407 588 1457 „Ecquis
621 1408 823 1447 dubitare
854 1410 1001 1456 potest
1029 1420 1084 1446 an
1108 1407 1327 1446 crudelior
1348 1407 1406 1445 sit
1427 1412 1581 1453 mater,

0 1486 28 1509 f
76 1485 188 1526 quae
220 1474 382 1514 liberos
415 1484 521 1514 suos
552 1472 835 1515 interficiat?“
866 1475 1076 1527 quoniam
1107 1486 1197 1515 non
1228 1475 1487 1526 simpliciter
1526 1476 1581 1515 de

74 1543 334 1582 crudelitate
367 1544 532 1593 agitur,
565 1544 643 1583 sed
675 1545 759 1584 hoc
790 1545 981 1584 maxime
1014 1545 1311 1593 efferendum,
1354 1556 1581 1595 compara-

73 1611 239 1650 tionem
271 1611 386 1650 inter
416 1611 570 1650 matris
602 1612 909 1651 crudelitatem
942 1616 985 1651 et
1016 1613 1140 1662 pueri
1165 1613 1497 1663 improbitatem
1517 1614 1581 1652 in-

2 1715 4 1722 .
75 1679 207 1719 stitui.
256 1680 304 1719 In
337 1690 423 1731 quo
455 1682 604 1719 tamen
631 1681 731 1729 jure
763 1681 946 1721 haerere
977 1682 1136 1732 possis,
1170 1686 1238 1722 est
1271 1683 1474 1734 quaesita
1505 1683 1581 1723 illa

1 1734 11 1790 s
73 1749 308 1786 verborum
338 1748 561 1796 repetitio,
609 1760 695 1798 qua
733 1749 939 1797 efficitur,
987 1754 1034 1788 ut
1077 1750 1278 1800 frigidior
1324 1753 1381 1789 sit
1427 1753 1579 1791 oratio.

4 1834 10 1861 χ
74 1815 253 1866 Frigida
282 1826 386 1855 vero
420 1815 553 1855 etiam
584 1819 678 1869 tum
710 1817 917 1866 manebit,
950 1830 1085 1869 quum
1118 1821 1296 1858 auctore
1320 1820 1579 1859 Hermanno

77 1894 164 1923 vss.
194 1878 252 1922 48
283 1887 327 1922 et
356 1879 412 1921 49
442 1884 504 1922 ita
535 1885 904 1924 contraxerimus:

281 1957 553 1992 commaculare
578 1969 726 1993 manus:
752 1970 858 2003 puer,
884 1961 930 1994 ah
955 1970 1049 2004 puer
1073 1961 1268 2005 improbus
1294 1962 1371 1996 ille:

279 2016 471 2059 improbus
496 2016 558 2050 ille
582 2028 686 2061 puer,
713 2017 875 2051 crudelis
902 2021 942 2052 tu
968 2029 1119 2063 quoque
1143 2023 1275 2054 mater.

75 2090 185 2129 Nam
217 2090 370 2129 matris
403 2090 640 2130 crudelitas
671 2102 761 2131 non
791 2092 973 2139 „leviter
1002 2092 1263 2144 tangenda“‚
1296 2095 1373 2134 sed
1399 2097 1581 2136 omnino

75 2169 163 2197 non
195 2160 584 2199 commemoranda
615 2164 719 2200 erat.
770 2161 916 2211 Quare
948 2163 1057 2201 mihi
1083 2165 1478 2213 persuasissimum
1504 2172 1582 2215 est,

1 2218 16 2222 “
71 2226 212 2265 virum
244 2227 491 2276 egregium,
531 2228 617 2267 nisi
650 2230 932 2279 stropharum
965 2232 1313 2271 concinnitatem
1345 2236 1581 2275 restituere

74 2294 309 2342 voluisset,
352 2297 428 2334 aut
458 2296 607 2335 omnia
638 2302 714 2336 aut
745 2298 855 2337 nihil
894 2301 1270 2350 reprehensurum
1312 2303 1462 2345 fuisse.
1524 2306 1582 2346 Cf.

75 2367 324 2413 praeterea,
357 2375 470 2414 quae
502 2365 689 2404 Vossius
723 2367 932 2406 disseruit
962 2369 1014 2408 de
1046 2380 1133 2409 vss.
1165 2368 1222 2411 22
1254 2383 1346 2424 sqq.
1379 2386 1583 2426 quaeque

77 2431 162 2470 alio
193 2435 394 2481 tempore
426 2433 521 2482 ipse
554 2433 695 2473 dicam
730 2435 783 2475 de
816 2437 891 2475 ecl.
924 2438 961 2476 X
992 2449 1078 2478 vss.
1112 2435 1165 2478 15
1199 2452 1292 2493 sqq.
1323 2439 1379 2481 37
1412 2455 1502 2495 sqq.

11 2552 15 2556 q
188 2499 482 2550 Allzteratzbnes,
515 2514 624 2554 quas
647 2504 718 2544 hic
740 2504 827 2544 illic
850 2507 965 2556 apud
989 2508 1308 2550 Theocritum
1298 2512 1486 2551 inveniri
1509 2512 1581 2551 de-

0 2555 15 2575 *“'
77 2570 436 2608 monstraverunt
457 2571 667 2629 Fritzsch.
697 2574 722 2613 l.
754 2574 781 2614 l.
811 2587 849 2625 p.
881 2572 936 2615 23
970 2581 1014 2616 et
1032 2578 1197 2619 Notter.
1223 2581 1247 2620 l.
1270 2581 1292 2619 l.
1315 2594 1353 2630 p.
1376 2577 1413 2625 5
1446 2593 1581 2632 quum

0 2524 17 2562 ἒ

0 2571 15 2606 ῗὲῗ

0 2590 153 3215 ι
77 2646 164 2675 non
196 2638 287 2674 tam
320 2638 498 2679 crebrae
532 2626 630 2691 sint,
662 2647 710 2682 ut
740 2643 994 2695 legentibus
1027 2648 1142 2690 ultro
1176 2660 1224 2689 se
1256 2650 1461 2697 offerant,
1493 2662 1581 2690 non

74 2704 249 2744 videtur
269 2705 494 2756 Vergilius
526 2711 581 2749 ab
604 2722 656 2750 eo
680 2714 927 2763 sumpsisse
949 2717 1026 2757 ecl.
1048 2718 1117 2757 ΙΙΙ
1145 2714 1338 2757 109.110
1371 2716 1582 2766 (amores-

77 2771 281 2822 amaros),
313 2774 387 2814 ubi
420 2776 470 2817 cf.
503 2779 717 2831 Wagner„
749 2785 793 2821 et
825 2784 901 2823 ecl
927 2785 1019 2834 VII
1051 2782 1075 2824 5
1109 2784 1273 2836 (pares-
1275 2786 1448 2837 parati).
1499 2790 1582 2829 Ne-

77 2852 160 2891 que
205 2824 597 2887 e01.V11'1.v.80
634 2847 872 2896 (durescit—
885 2853 1104 2905 liquescit)
1137 2856 1251 2894 hanc
1291 2857 1382 2895 vim
1423 2857 1468 2897 in
1510 2871 1581 2898 me
