1911 3215
971 105 1029 150 38

247 223 408 276 quibus
431 223 589 263 eadem
622 223 948 263 sententiarum
967 221 1294 274 verborumque
1315 223 1610 276 aequabilitas
1642 224 1762 276 apud

248 292 501 344 Vergilium
557 293 784 343 reperitur.
863 290 976 332 Sunt
1030 293 1181 332 autem
1237 290 1434 343 exceptis
1489 293 1759 334 carminibus

251 436 348 473 Vide
375 437 426 472 id.
452 437 480 473 1.
509 437 547 473 11
578 436 658 473 coll.
683 435 813 471 Philol.
837 434 859 469 1.
885 435 909 470 1.
935 446 970 481 p.
988 436 1067 477 407,
1092 435 1143 472 id.
1168 433 1213 471 V.
1232 437 1275 472 93
1294 436 1375 473 coll.
1400 446 1436 481 p.
1456 439 1535 480 442,
1553 437 1603 473 id.
1622 436 1761 473 XVIH.

250 496 306 531 27.
345 495 473 538 Quare
491 494 638 530 veniam
656 494 868 537 impetrabo
889 505 912 528 a
929 494 1011 529 viro
1037 493 1269 535 doctissimo,
1296 494 1327 528 si
1351 494 1436 538 ipse
1455 504 1607 539 quoque
1624 495 1758 529 eadem

249 552 337 597 lege
361 552 483 587 fretus
508 562 630 586 meam
667 550 964 595 qualemcunque
990 550 1204 595 opinionem
1241 551 1287 586 de
1313 549 1457 596 aliquot
1491 551 1584 586 locis
1621 562 1758 597 propo·

249 619 372 644 suero.
409 609 521 651 Quod
547 607 659 651 ejecit
683 607 732 641 id.
759 606 851 642 VIII
874 619 908 642 v.
933 608 989 649 29,
1015 609 1097 651 ejus
1121 606 1179 642 rei
1204 602 1330 648 causa,
1355 608 1428 642 nisi
1454 608 1610 653 egregie
1636 608 1757 649 fallor,

248 676 323 699 non
349 665 421 698 alla
446 667 504 698 est
528 664 600 698 nisi
626 673 688 705 ea,
715 674 811 707 quae
836 662 1057 709 Briggsium
1083 664 1291 707 permovit,
1315 667 1357 698 ut
1381 665 1437 711 χοὶ
1463 663 1524 710 μὲν
1548 666 1670 706 παῖδες
1694 660 1737 710 ἄρ

249 720 343 760 εἶπον
380 721 594 765 conjiceret.
651 720 699 755 Et
735 723 840 755 recte
877 721 1050 765 profecto
1090 721 1225 756 doctus
1262 720 1325 755 ille
1361 722 1508 766 Anglus
1546 722 1754 763 contendit,

248 779 412 822 caprarii
436 777 669 812 voluntatem
696 778 895 820 ,iudicandi
928 777 1215 821 significandam
1248 777 1368 811 fuisse
1392 780 1595 821 antequam
1621 788 1757 813 canere

247 835 466 879 inciperent.
506 833 585 870 Nec
610 836 735 869 tamen
761 836 827 869 ant
844 833 944 869 illius
970 834 1190 878 conjectura
1209 836 1274 869 aut
1292 841 1427 869 versus
1453 834 1620 876 omissio,
1645 846 1758 880 quem

251 892 423 927 consulto
448 894 563 936 poeta
588 894 814 936 antegresso
840 891 1155 931 accommodavit,
1188 892 1385 935 probanda
1410 895 1480 933 est,
1507 903 1621 937 quum
1645 893 1757 928 unius

246 950 380 984 literae
405 950 614 983 mutatione
640 948 758 983 omnis
780 948 981 983 difficultas
1008 948 1156 983 sublata
1180 949 1365 995 videatur.
1398 949 1458 984 Ita
1483 949 1580 984 enim
1605 960 1757 985 versum

251 1007 492 1043 scribendum
517 1009 627 1051 puto:
652 1007 709 1054 χοὶ
734 1005 796 1052 μὲν
820 1009 946 1048 παῖδες
971 1003 1105 1053 ἀείδεν,
1130 1002 1205 1043 ὅδ’
1230 1006 1369 1049 αἰπόλος
1384 1004 1490 1053 ἥὲελε
1514 1007 1656 1054 κρίνειν,
1681 1007 1704 1042 i.
1725 1017 1755 1042 e.

247 1067 309 1105 „et
334 1063 442 1108 pueri
468 1064 621 1108 quidem
646 1065 694 1098 ad
714 1064 941 1104 canendum,
967 1064 1163 1107 caprarius
1189 1073 1279 1097 vero
1306 1065 1354 1098 ad
1374 1064 1622 1108 judicandum
1645 1075 1755 1108 para-

249 1124 311 1156 tus
338 1123 457 1156 erat.“
500 1120 710 1155 Premenda
737 1121 834 1155 enim
866 1123 925 1155 est
948 1119 983 1155 h.
1008 1120 1030 1155 l.
1057 1120 1283 1165 significatio
1308 1122 1417 1156 verbi
1440 1121 1580 1161 ἐθέλειν,
1608 1122 1655 1155 de
1680 1131 1756 1165 qua

250 1179 296 1214 cf.
319 1179 459 1213 Buttm.
485 1177 602 1213 Lexil.
634 1190 669 1222 p.
695 1179 749 1214 26.
796 1178 931 1212 Frank.
966 1178 1015 1212 ad
1037 1171 1144 1212 Dem.
1171 1177 1228 1213 Ol.
1253 1178 1282 1213 I.
1311 1179 1340 1212 1.
1388 1179 1543 1213 Passov.
1568 1179 1639 1214 lex.
1664 1189 1693 1213 s.
1718 1190 1753 1213 v.

247 1235 413 1283 βούλομαι
438 1237 476 1270 et
500 1234 620 1279 ἐθέλω,
647 1245 667 1269 e
692 1236 810 1269 verbo
835 1231 941 1278 ἤῦελε
967 1237 1091 1269 autem
1117 1235 1165 1269 ad
1189 1235 1295 1279 prius
1317 1236 1525 1270 membrum
1548 1233 1670 1280 {iffi—:lov
1696 1246 1756 1271 co-

247 1291 431 1336 gitatione
457 1291 671 1325 addendum
691 1295 758 1325 est.
794 1291 975 1335 Ejusdem
1001 1291 1153 1337 generis
1174 1295 1261 1326 sunt
1285 1292 1335 1326 id.
1355 1292 1436 1327 XV.
1458 1293 1534 1327 144.
1559 1292 1681 1326 XXII.
1698 1294 1753 1328 25.

244 1349 361 1394 Verg.
388 1348 454 1383 ecl.
480 1347 546 1382 IX.
572 1349 627 1397 16.
654 1348 718 1389 35,
743 1349 910 1383 fortasse
936 1348 1048 1383 ctiam
1075 1348 1142 1383 ecl.
1167 1348 1233 1389 ΙΙΙ,
1261 1349 1322 1384 33;
1363 1348 1454 1390 „Est
1477 1349 1567 1383 mihi
1593 1360 1753 1394 namque

247 1406 348 1440 domi
372 1408 500 1449 pater,
528 1408 588 1439 est
612 1405 756 1449 injusta
780 1409 978 1440 noverca.“
1026 1404 1085 1439 De
1111 1415 1185 1448 quo
1210 1415 1324 1439 versu
1349 1406 1539 1449 explicans
1566 1406 1753 1441 Ameisius

246 1463 345 1509 Spic.
371 1474 406 1507 p.
432 1463 452 1497 6
478 1472 554 1496 non
577 1465 683 1497 recte
713 1462 803 1496 mihi
828 1462 969 1497 dixisse
993 1462 1161 1503 videtur,
1201 1462 1359 1496 alterum
1385 1465 1438 1496 est
1468 1473 1536 1506 pro
1562 1462 1697 1507 copula
1721 1465 1757 1497 et

246 1520 413 1564 positum
439 1530 536 1553 esse.
584 1519 679 1553 Nam
703 1519 749 1553 iis
778 1522 881 1554 certe
905 1519 1011 1559 locis,
1038 1529 1133 1562 quos
1160 1520 1354 1564 congessit
1380 1519 1556 1563 Wagner.
1583 1520 1631 1553 ad
1648 1519 1713 1553 IV.
1733 1521 1754 1554 6

245 1576 387 1620 (Jahnii
413 1576 590 1617 editione,
617 1587 727 1621 quem
751 1576 920 1611 laudavit
939 1576 987 1611 ad
1007 1575 1070 1610 VI.
1089 1577 1144 1616 61,
1169 1576 1258 1611 mihi
1276 1577 1331 1611 uti
1352 1586 1427 1611 non
1444 1576 1579 1620 licuit),
1605 1587 1754 1622 semper

243 1634 282 1669 in
307 1635 435 1678 priore
471 1635 642 1668 membro
679 1635 803 1668 etant
842 1644 908 1677 que
945 1634 1147 1668 antecedit.
1194 1634 1245 1667 At
1280 1634 1421 1673 fateor,
1459 1634 1549 1670 mihi
1581 1634 1644 1667 illo
1669 1634 1752 1669 loco

247 1690 339 1725 nihil
365 1701 385 1725 e
413 1691 587 1735 sequenti
620 1691 788 1725 membro
820 1690 1089 1735 repetendum,
1124 1691 1190 1725 sed
1229 1690 1505 1725 substantivum
1529 1693 1641 1736 pater
1671 1701 1755 1725 cum

244 1747 412 1792 emphasi
438 1747 579 1782 dictum
604 1748 749 1788 videri,
775 1748 829 1782 ita
853 1749 894 1781 ut
918 1748 1011 1781 haec
1037 1748 1182 1781 oriatur
1208 1749 1413 1781 sententia:
1441 1747 1528 1788 „Ich
1553 1748 1643 1782 habe
1664 1748 1755 1784 noch

243 1805 344 1839 einen
375 1803 510 1840 ναῖεν
534 1817 579 1839 zu
603 1804 736 1846 Haase,
761 1805 818 1840 ich
843 1805 933 1839 habe
957 1806 1034 1839 eine
1058 1804 1271 1849 unqereelzle
1296 1804 1555 1849 Stiefmutter.“
1602 1804 1656 1840 cf.
1681 1804 1754 1840 La-

243 1862 434 1906 dewigum
471 1863 519 1896 ad
557 1863 716 1897 similem
751 1863 874 1896 locum
910 1861 1051 1906 Georg.
1077 1862 1123 1897 ΙΙ.
1148 1862 1227 1896 473.
1276 1862 1417 1895 Verum
1448 1867 1490 1895 ut
1524 1862 1679 1896 redeam
1704 1862 1754 1896 ad

243 1929 324 1954 rem
349 1919 606 1964 propositam,
645 1919 693 1954 ad
717 1919 818 1954 idem
844 1930 964 1964 genus
996 1919 1189 1964 pertinent
1213 1929 1289 1954 non
1314 1919 1435 1954 solum
1459 1918 1542 1953 Tib.
1566 1918 1613 1953 II.
1641 1920 1671 1954 6.
1696 1920 1754 1956 23.

240 1976 331 2011 Hor.
359 1976 482 2011 Carm.
507 1977 534 2010 I.
562 1978 614 2011 11.
640 1979 679 2017 4,
720 1977 788 2011 sed
825 1988 954 2012 omnes
990 1977 1017 2011 ii
1040 1977 1134 2017 loci,
1169 1976 1208 2009 in
1234 1977 1370 2020 quibus
1397 1976 1484 2010 olim
1510 1987 1590 2020 que,
1626 1987 1678 2015 ne,
1714 1987 1755 2022 ves

241 2033 476 2078 transposita
502 2044 587 2069 csse
613 2036 854 2078 putaverunt,
881 2024 988 2078 cujus
1015 2033 1167 2080 generis
1188 2034 1306 2068 multa
1330 2032 1500 2077 exempla
1518 2031 1754 2078 collegerunt

242 2092 395 2126 Dissen.
413 2092 460 2125 ad
479 2091 562 2125 Tib.
578 2091 605 2125 Ι.
621 2093 651 2126 1.
669 2093 723 2132 51,
750 2103 794 2126 cx
821 2093 928 2136 eujus
954 2092 1079 2125 adnot.
1107 2091 1249 2134 sumpsi
1276 2092 1370 2125 duos
1396 2093 1611 2134 postremos
1634 2090 1751 2132 locos,

244 2151 282 2182 et
299 2142 582 2193 Dillenburgcr.
601 2149 649 2182 ad
667 2148 757 2182 Hor.
778 2148 817 2182 C.
837 2148 884 2184 II.
903 2148 934 2182 7.
954 2149 1008 2184 25.
1034 2148 1255 2192 Explicandi
1280 2148 1317 2181 hi
1337 2151 1424 2182 sunt
1443 2158 1463 2183 e
1482 2147 1637 2183 chiasmi
1663 2158 1755 2192 quo-

245 2206 332 2240 dam
358 2216 518 2250 genere,
545 2206 653 2249 cujus
678 2205 861 2239 interiora
885 2206 1054 2239 membra
1079 2215 1099 2239 e
1125 2205 1307 2239 vocabulo
1332 2205 1391 2239 bis
1416 2205 1541 2249 posito
1568 2207 1754 2240 constant.

243 2262 395 2297 Accidit
421 2264 546 2297 autem
570 2263 778 2303 interdum,
806 2265 847 2296 ut
871 2263 910 2296 id
935 2263 1176 2304 vocabulum,
1210 2263 1312 2307 quod
1335 2263 1394 2297 bis
1420 2263 1635 2307 ponendum
1660 2264 1754 2303 erat,

244 2319 360 2354 semel
385 2319 641 2361 omitteretur,
679 2323 893 2355 remaneret
920 2322 1044 2355 autern
1070 2320 1200 2355 eadem
1229 2321 1430 2355 verborum
1456 2319 1672 2359 collocatio,
1710 2329 1753 2354 ac

245 2377 277 2410 si
303 2377 456 2411 adesset
479 2387 614 2411 revera
640 2378 840 2412 chiasmus.
878 2378 940 2412 Sic
966 2378 1048 2412 Tib.
1069 2378 1131 2412 1.1.
1158 2378 1358 2412 dicendum
1384 2379 1466 2412 erat
1491 2376 1547 2418 „O
1574 2378 1754 2420 quantum

243 2435 303 2468 est
329 2433 411 2468 auri
435 2436 568 2478 percat
600 2434 725 2478 potius
763 2435 967 2479 potiusque
994 2435 1228 2480 smaragdi‘⁴‚
1266 2435 1335 2469 sed
1359 2433 1464 2477 prius
1489 2433 1616 2477 potius
1642 2433 1752 2467 omis-

242 2502 334 2525 sum.
382 2491 426 2525 In
461 2491 556 2525 locis
583 2502 604 2525 a
628 2502 686 2526 me
713 2492 836 2526 allatis
875 2503 1026 2538 semper
1051 2503 1073 2526 a
1097 2492 1227 2537 priore
1251 2492 1419 2525 membro
1445 2491 1752 2535 vox-repetenda

241 2550 367 2592 abest;
392 2559 508 2594 posse
532 2559 612 2584 rem
639 2549 752 2584 etiam
775 2550 930 2592 inverti,
957 2550 1127 2586 ostendit
1154 2550 1268 2595 Verg.
1294 2549 1361 2584 ecl.
1386 2548 1488 2583 VIII.
1512 2550 1574 2589 49,
1601 2549 1648 2584 dc
1675 2560 1750 2594 quo

240 2607 339 2641 infra
379 2607 581 2642 dicendum
624 2606 715 2646 erit,
759 2610 796 2640 et
839 2608 885 2642 dc
925 2608 1097 2652 pedestri
1140 2607 1312 2642 oratione
1352 2605 1624 2651 Naegelsbach.
1667 2606 1748 2641 Stil.

239 2676 273 2708 p.
298 2665 364 2699 466
385 2675 452 2709 sq.,
479 2664 732 2708 videnturque
758 2664 871 2698 etiam
895 2665 921 2698 ii
944 2665 1016 2699 loci
1042 2676 1086 2699 ex
1111 2666 1181 2700 hac
1207 2663 1364 2699 chiasmi
1390 2664 1537 2698 ratione
1562 2664 1748 2707 interpre-

240 2722 345 2756 tandi
371 2732 476 2761 esse,
513 2722 559 2755 de
585 2721 722 2765 quibus
756 2721 849 2754 dixit
874 2722 1051 2766 Wagner.
1083 2723 1131 2756 ad
1163 2722 1229 2756 ecl.
1254 2721 1318 2755 IV.
1344 2723 1382 2761 6,
1415 2722 1453 2755 id
1486 2721 1588 2765 quod
1614 2720 1751 2754 suadet

242 2780 345 2812 certe
369 2780 573 2813 verborum
598 2777 808 2812 collocatio.
847 2777 1015 2813 Graecos
1042 2779 1177 2814 eodem
1203 2777 1353 2812 dicendi
1379 2788 1520 2823 genere
1545 2786 1635 2812 usos
1662 2786 1747 2811 esse

245 2845 357 2879 quum
383 2846 428 2870 ex
452 2835 498 2869 iis
525 2838 718 2879 appareat,
743 2839 981 2880 quae‘supra
1004 2836 1137 2881 posui,
1169 2835 1311 2871 addere
1334 2838 1462 2871 tamen
1489 2834 1580 2870 licet
1603 2832 1746 2869 Mosch'.
