1911 3215
909 109 968 155 86

178 225 309 280 τίνος,
359 218 526 281 ὦγαῗςέ,
576 224 720 270 τόσσον
770 225 936 282 ἐρᾶσαις
988 215 1111 269 Ηίηᾶ
1153 230 1265 270 satis
1306 230 1470 278 elucet,
1520 230 1689 280 legisse

177 299 429 350 Vergilium
495 299 541 338 in
602 309 683 339 suo
745 297 896 337 codice
957 298 1205 338 orationem
1265 298 1485 339 Mercurii.
1565 299 1696 349 Quod

179 380 285 408 vero
336 368 537 407 ordinem
589 378 801 406 versuum
848 368 1057 415 mutavit,
1102 368 1147 406 id
1194 378 1247 407 eo
1298 368 1499 408 consilio
1533 367 1695 407 fecisse

179 437 404 490 putandus
456 440 543 485 est,
595 440 643 475 ut
694 436 802 475 deos
851 437 1122 486 conjunctim
1173 436 1413 477 induceret.
1471 437 1570 476 Non
1620 436 1696 476 ali-

179 512 248 546 ter
299 517 414 557 quae
465 517 491 544 a
539 505 774 544 Theocrito
831 506 876 544 in
935 506 1087 555 idyllio
1139 506 1293 557 quinto
1348 505 1536 544 diversis
1586 505 1696 544 locis

180 573 283 624 (vss.
315 568 508 613 84—-99,
542 568 795 613 104—107.
829 569 1084 622 132-—135)
1126 574 1180 613 de
1222 574 1448 624 amoribus
1480 573 1697 621 dicuntur,

180 644 224 682 in
260 642 417 692 ecloga
456 641 588 680 tertia
620 639 723 689 (vss
753 637 954 687 64—83)
987 643 1117 690 juxta
1161 642 1409 689 collocavit,
1452 643 1539 681 nisi
1581 643 1697 694 quod

179 712 334 763 paucis
365 710 514 750 verbis
546 711 605 750 ad
634 721 712 750 eos
743 710 874 750 rediit
903 723 940 750 v,
970 706 1049 750 101
1085 715 1130 750 et
1161 706 1253 750 107.
1295 711 1359 749 Ex
1390 711 1474 749 diis
1504 711 1696 761 primum

180 780 392 820 accedere
423 780 552 820 finxit
583 779 835 830 Apollinem
865 790 904 819 v,
925 775 981 819 22
1013 789 1097 831 sq.:
1130 779 1289 827 „Venit
1319 778 1496 830 Apollo:
1526 773 1531 830 i
1559 779 1696 828 Galle,

183 850 288 902 quid
319 849 522 887 insanis?
552 849 717 899 inquit;
751 852 827 887 tua
850 859 955 886 cura
974 848 1158 897 Lycoris
1186 842 1191 897 Ι
1218 849 1390 899 Perque
1411 848 1538 888 nives
1560 849 1696 887 alium

182 927 349 968 perque
382 916 563 955 horrida
595 926 702 955 saxa
734 919 888 954 secuta
921 913 1025 954 est.“
1083 916 1147 954 Ex
1183 916 1266 954 hac
1302 916 1552 955 imitatione
1585 917 1696 955 haec

184 986 271 1025 duo
311 986 548 1024 lucramur.
617 984 813 1023 Primum
856 984 990 1023 etiam
1022 983 1249 1034 Vergilius
1286 987 1470 1034 putasse
1510 984 1696 1032 videtur,

182 1053 455 1092 Mercurium
506 1052 623 1102 apud
667 1052 954 1090 Theocritum
1002 1052 1248 1102 principem
1296 1052 1444 1091 locum
1494 1052 1696 1091 tenuisse

182 1126 429 1172 propterea,
463 1121 580 1172 quod
602 1121 819 1170 dignitate
842 1121 1048 1171 princeps
1072 1124 1194 1160 esset
1214 1121 1330 1161 inter
1351 1121 1460 1161 deos
1482 1125 1697 1172 agrestes.

181 1190 349 1230 Id'nisi
382 1189 703 1237 existimasset,
742 1201 822 1239 pro
856 1200 911 1228 eo>
943 1200 1031 1228 non
1061 1189 1287 1240 posuisset
1318 1189 1591 1240 Apollinem,
1623 1190 1699 1241 qui

182 1259 449 1310 cognomine
480 1259 665 1298 Nomius
707 1259 946 1308 praecipuo
992 1259 1161 1298 honore
1204 1259 1431 1298 colebatur
1470 1259 1525 1298 ab
1565 1258 1698 1298 Arca-

182 1329 323 1368 dibus.
386 1326 443 1366 Of.
477 1327 560 1366 Cic.
594 1327 647 1365 de
680 1330 767 1370 nat.
800 1326 917 1366 deor.
940 1327 1008 1366 ΙΙΙ.
1039 1323 1104 1366 23.
1135 1322 1190 1365 57
1221 1327 1371 1378 ibique
1404 1326 1698 1367 Schoemann.

181 1396 352 1436 Deinde
391 1406 499 1434 vero
542 1407 596 1434 ex
635 1395 732 1434 loco
771 1395 1033 1445 Vergiliano
1075 1405 1267 1445 magnus
1307 1395 1486 1446 quidam
1528 1395 1697 1436 fructus

182 1464 404 1503 redundat
434 1464 490 1502 ad
523 1462 808 1512 explicandos
840 1473 997 1501 versus
1029 1463 1253 1501 Theocriti
1283 1458 1340 1502 82
1371 1467 1416 1501 et
1445 1458 1512 1502 83,
1561 1457 1698 1516 κῆφα*

183 1524 317 1585 Δάφνι
345 1524 492 1581 τάλαν,
522 1526 563 1570 τί
591 1523 640 1570 τὺ
661 1523 835 1578 τάκεαι;
867 1522 895 1570 ἁ
925 1527 971 1570 δέ
997 1542 1044 1570 τε
1074 1523 1188 1583 κώρα
1214 1525 1219 1582 Ι
1246 1524 1386 1578 πάσας
1416 1523 1506 1570 ἀνὰ,
1526 1524 1697 1584 κράνας,

181 1594 302 1641 πάντ’
333 1594 467 1640 ἄλσεα
484 1593 605 1639 ποσσὶ
626 1599 823 1651 φορεῖται.
864 1599 1133 1650 Intelligitur
1154 1600 1293 1647 enim,
1323 1600 1459 1638 verba
1480 1599 1698 1650 Apollinis

181 1681 270 1709 non
317 1681 341 1708 e
372 1668 605 1714 Mercurii,
655 1667 734 1705 sed
782 1678 805 1705 e
837 1668 983 1717 Priapi
1032 1668 1232 1706 oratione
1280 1668 1541 1718 deprompta
1585 1678 1696 1707 csse.

180 1739 284 1777 Jam
346 1737 581 1786 utriusque
640 1739 800 1784 poetae
861 1736 997 1774 verba
1052 1735 1089 1773 si
1145 1736 1261 1774 inter
1320 1736 1417 1785 ipsa
1472 1746 1694 1786 compara·

180 1807 319 1853 veris,
371 1804 608 1844 verissima
647 1803 872 1843 videbitur
904 1803 953 1843 G.
985 1804 1231 1842 Hermanni
1274 1804 1517 1852 sententia,
1561 1804 1696 1843 etiam

179 1879 359 1927 poetam
390 1875 643 1913 Romanum
674 1873 760 1911 hoc
792 1873 1055 1911 arbitratum
1087 1883 1210 1920 esse,
1241 1872 1414 1922 fugisse
1444 1873 1696 1923 Nympham

179 1942 472 1995 Daphnidem,
487 1952 577 1981 non
600 1941 891 1993 quaesivisse.
914 1940 1105 1981 Versum
1121 1941 1344 1981 Theocriti
1355 1936 1411 1980 85
1428 1941 1555 1981 Maro
1573 1951 1697 1981 usur—

180 2023 286 2063 pare
317 2023 407 2051 non
438 2006 624 2061 poterat,
657 2010 1017 2062 quandoquidem
1048 2010 1137 2049 tale
1171 2010 1418 2057 consilium,
1451 2010 1581 2061 quale
1609 2010 1648 2049 h.
1672 2010 1697 2049 l.

181 2081 368 2131 Priapus
391 2080 614 2130 Daphnidi
637 2079 769 2127 dedit,
802 2079 945 2118 amico
970 2079 1074 2118 dare
1095 2079 1217 2118 nullo
1240 2079 1372 2118 modo
1395 2078 1567 2118 licebat.
1614 2080 1697 2118 Pro

180 2149 341 2198 Priapo
354 2148 581 2198 Vergilius
603 2144 709 2187 v.24
722 2157 784 2198 sq.
808 2147 940 2186 deum
961 2148 1275 2194 Romanorum,
1297 2146 1535 2194 Silvanum,
1558 2147 1698 2186 nomi-

184 2217 316 2256 navit.
340 2216 468 2265 Quod
482 2227 587 2255 vero
605 2216 710 2255 huic
727 2227 937 2254 coronam
958 2226 981 2254 e
997 2215 1150 2254 ferulis
1170 2218 1214 2254 et
1231 2215 1336 2255 liliis
1355 2215 1518 2254 factam
1535 2216 1699 2263 tribuit,

165 2288 414 2337 ,spectasse
432 2285 606 2324 videtur
624 2284 816 2324 similem
833 2284 979 2335 Priapi
1002 2287 1208 2323 ornatum
1225 2284 1407 2324 Theocr.
1425 2295 1490 2335 ep.
1507 2281 1619 2324 111.3
1637 2294 1699 2336 sq.

181 2355 334 2395 Verba
366 2353 571 2393 Silvanus
602 2354 723 2393 nulla
755 2353 869 2401 facit,
901 2357 1054 2393 contra
1087 2353 1306 2392 consolari
1339 2353 1489 2392 studet
1521 2353 1697 2392 Gallum

181 2424 257 2477 qui
280 2423 436 2464 ultimo
458 2422 555 2462 loco
577 2422 758 2462 advenit
778 2422 1003 2462 Arcadum
1026 2422 1135 2462 deus
1157 2423 1249 2462 Pan
1270 2417 1502 2462 xxm—30.
1536 2422 1698 2472 Quam-

163 2503 316 2545 ‘quam
365 2493 463 2541 ejus
509 2491 697 2530 orationi
743 2492 853 2530 nihil
900 2503 1000 2530 cum
1046 2492 1217 2531 Dianae
1262 2492 1409 2530 verbis
1458 2503 1694 2530 commune

183 2556 310 2609 est*),
342 2564 494 2600 tamen
528 2571 581 2598 ex
613 2570 684 2606 eo,
723 2559 839 2610 quod
871 2560 943 2599 hic
973 2563 1077 2609 post
1108 2559 1360 2609 Apollinem
1393 2563 1437 2598 et
1468 2559 1697 2598 Silvanum

275 2671 308 2714 *)
335 2668 594 2705 Memorabilis
614 2670 673 2703 est
698 2678 731 2701 v.
751 2668 795 2703 28
821 2667 1009 2711 scriptura
1033 2667 1079 2701 Et
1097 2669 1183 2712 quis,
1210 2679 1322 2712 quam
1341 2667 1532 2703 cum-aliis
1558 2667 1698 2703 codici-

182 2729 253 2763 bus
297 2728 448 2762 exhibet
491 2727 589 2761 liber
631 2725 798 2770 optimus
840 2724 1030 2759 Romanus
1072 2726 1134 2768 (cf.
1162 2725 1341 2770 Wagner.
1386 2725 1468 2759 Vol.
1495 2725 1540 2758 V.
1573 2725 1696 2768 praef.

183 2798 218 2829 p.
243 2785 438 2827 XXXIX).
487 2785 583 2819 Huic
615 2782 856 2821 auctoritatis
896 2783 1039 2827 aliquid
1073 2784 1220 2818 accedit
1253 2794 1273 2818 e
1299 2784 1458 2818 Theocr.
1484 2794 1517 2817 v.
1544 2783 1585 2817 77
1619 2781 1696 2819 εἶπε

182 2841 231 2878 δὲ.
281 2854 314 2877 v.
339 2843 384 2878 82
409 2839 520 2887 κῆφα.
571 2853 602 2877 v.
629 2842 671 2877 97
698 2839 809 2879 κεῖπε.
859 2840 954 2876 Nam
984 2840 1024 2875 in
1055 2839 1259 2875 levissimis
1284 2851 1435 2885 quoque
1461 2842 1575 2876 rebus
1601 2841 1696 2877 Ver-
