1911 3215
925 106 983 151 68

211 226 333 264 canis
371 236 535 265 nomen
575 218 714 265 λὰκων
745 236 771 263 a
802 224 1048 264 Columella
1087 223 1302 263 traditum
1344 225 1442 264 loco
1485 237 1525 274 p.
1563 220 1589 263 5
1624 224 1720 264 lau-

211 293 315 333 dato
347 295 395 334 R.
426 295 473 334 R.
504 293 597 334 VII.
630 290 695 334 12.
725 288 763 333 6.
808 292 962 343 Neque
994 291 1113 333 enim
1144 292 1205 331 ibi
1237 292 1291 331 de
1324 292 1448 332 canis
1478 292 1661 332 nomine
1694 303 1721 332 a

208 366 327 403 terra
357 364 499 403 indito
532 363 718 414 cogitari
746 372 890 412 posse,
923 361 1176 411 ostendunt,
1210 361 1383 412 opinor,
1417 373 1532 414 quae
1564 361 1719 401 addita

208 438 313 475 sunt
352 436 397 474 et
428 433 600 473 Graeca
632 435 675 470 et
706 431 866 470 Latina
896 431 1090 479 nomina,
1126 442 1396 483 quamquam
1427 442 1516 471 non
1547 432 1719 483 ignoro,

209 513 343 543 canes
366 502 610 542 Laconicos
633 501 767 539 etiam
789 500 907 550 apud
927 500 1155 539 Romanos
1179 511 1344 551 magno
1375 500 1545 539 honore
1575 499 1716 538 fuisse

209 574 410 624 adeoque
453 571 569 621 apud
607 569 817 609 Ovidium
849 569 954 609 Met.
986 570 1059 609 ΙΙΙ.»
1087 565 1173 609 219
1203 581 1342 609 unum
1382 580 1436 609 ex
1474 568 1718 609 Actaeonis

208 641 392 681 canibus
454 641 656 689 correpta
718 637 892 686 syllaba
950 637 1228 688 paenultima
1278 638 1503 677 Laconem
1557 636 1717 676 vocari.

183 701 335 759 ³³Quod
368 708 406 747 si
437 718 543 746 vera
575 710 643 745 est
673 706 784 745 haec
822 717 955 756 quam
986 706 1149 756 protuli
1182 707 1396 755 suspicio,
1447 706 1714 745 Theocritus

191 764 449 817 'clamosam
482 778 526 815 et
555 785 659 814 vere
692 774 896 813 caninam
924 774 1118 824 pastoris
1139 773 1336 814 indolem
1359 775 1470 814 satis
1493 783 1715 825 superque

189 849 301 898 Jipso
328 846 506 886 nomine
535 844 815 894 significavit.

320 926 464 978 Idyllii
504 925 649 966 octavi
692 936 872 965 carmen
915 924 1163 976 elegiacum
1205 924 1351 965 omnis
1391 925 1570 977 generis
1603 923 1714 964 diffi-

206 996 447 1037 cultatibus
496 995 700 1033 laborare
756 994 1041 1044 gravissime,
1090 997 1314 1033 testantur
1366 993 1715 1033 innumerabiles

203 1075 349 1116 paene
399 1063 596 1102 virorum
642 1061 1003 1101 doctissimorum
1055 1064 1261 1110 conatus,
1313 1062 1475 1114 quibus
1515 1061 1625 1101 illud
1668 1061 1714 1100 in

202 1133 438 1183 pristinum
469 1132 660 1171 nitorem
691 1130 928 1170 restituere
950 1130 1227 1171 studuerunt.
1270 1131 1365 1170 Hos
1391 1140 1547 1170 omnes
1575 1141 1712 1182 quum

203 1200 548 1252 diligentissime
578 1199 945 1250 perlustrassem,
996 1198 1167 1238 nullum
1208 1199 1401 1249 reperire
1439 1199 1586 1250 potui,
1638 1197 1713 1251 qui

200 1271 311 1310 mihi
342 1271 397 1309 ab
437 1270 558 1308 omni
597 1272 723 1319 parte
755 1268 1045 1308 satisfaceret.
1104 1268 1306 1320 Namque
1339 1272 1388 1309 ut
1416 1268 1625 1320 incipiam
1656 1267 1711 1307 ab

200 1340 341 1379 altera
372 1350 526 1378 earum
557 1338 726 1388 legum,
767 1347 878 1388 quas
911 1347 1045 1388 supra
1074 1338 1223 1387 posui,
1267 1348 1366 1377 eam
1397 1340 1633 1389 tantopere
1664 1338 1710 1377 in

199 1410 254 1449 iis
286 1408 493 1458 strophis,
524 1418 638 1459 quae
669 1407 882 1457 leguntur
911 1407 957 1445 in
988 1407 1120 1446 huius
1154 1407 1361 1447 carminis
1392 1417 1481 1448 vss.
1511 1402 1710 1455 49—60,

198 1478 370 1517 laesam
402 1486 504 1515 esse
534 1486 801 1525 persuasum
839 1475 1004 1523 habeo,
1056 1479 1103 1514 ut
1143 1487 1234 1515 non
1275 1476 1568 1515 dubitandum
1609 1486 1710 1516 esse

201 1545 464 1592 existimem,
496 1544 602 1595 quin
624 1547 714 1583 tres
742 1543 951 1593 strophae
985 1541 1284 1591 exciderint*).
1331 1544 1482 1584 Utrius
1515 1544 1709 1584 cantoris

197 1615 283 1653 hae
314 1613 489 1660 fuerint,
521 1612 683 1651 idcirco
717 1611 836 1651 dictu
867 1615 935 1651 est
955 1611 1187 1660 difficilius,
1221 1612 1325 1664 quia
1347 1613 1529 1653 omnino
1556 1612 1709 1665 quaeri

196 1686 365 1733 potest,
416 1680 671 1731 puellamne
704 1691 761 1719 an
792 1691 980 1730 puerum
1011 1680 1211 1730 Daphnis
1244 1680 1546 1721 celebraverit.
1595 1682 1709 1720 Nam

195 1751 412 1791 Milonem
450 1750 504 1788 ab
545 1760 598 1789 eo
630 1749 861 1789 laudatum
895 1758 1007 1797 esse,
1037 1752 1140 1799 post
1170 1749 1478 1790 Eichstadium
1509 1748 1709 1800 (Quaest.

194 1820 299 1869 phil.
332 1828 448 1869 spec.
468 1829 508 1867 p.
529 1814 586 1856 42
618 1815 728 1867 sqq.)
759 1818 963 1855 evincere
996 1820 1185 1856 conatus
1217 1821 1287 1856 est
1310 1818 1352 1857 C.
1364 1819 1408 1857 F.
1421 1819 1708 1856 Hermannus

194 1888 221 1927 l.
252 1888 277 1927 1.
307 1900 347 1937 p.
380 1884 431 1925 11
456 1896 519 1937 sq.
552 1886 688 1934 Cujus
719 1889 862 1925 totam
895 1885 1256 1935 disputationem,
1290 1897 1387 1937 qua,
1419 1897 1533 1938 quae
1566 1887 1706 1927 diver—

198 1956 378 1995 sissima
410 1958 525 2002 sunt,
558 1955 831 2004 conjungere
864 1964 1111 2004 aggressus
1143 1958 1228 2003 est,
1259 1966 1338 2004 per
1368 1965 1525 1995 omnes
1555 1958 1706 2005 partes

193 2024 397 2064 refellere
443 2035 580 2074 quum
626 2023 814 2073 longum
847 2023 905 2061 sit
945 2025 989 2062 et
1029 2022 1084 2061 ab
1126 2023 1331 2062 instituto
1367 2033 1469 2062 meo
1501 2024 1708 2072 alienum,

197 2092 405 2145 equidem
435 2093 598 2142 potius,
630 2102 763 2143 quam
792 2092 887 2142 ipse
920 2092 1200 2142 conceperim
1232 2091 1513 2141 sententiam,
1551 2092 1706 2142 paucis

193 2162 279 2200 hoc
325 2162 422 2199 loco
468 2161 721 2210 significare
764 2160 987 2200 constitui.
1045 2160 1215 2200 Verum
1264 2169 1365 2200 esse
1404 2164 1534 2211 puto,
1586 2160 1705 2212 quod

192 2229 392 2280 plerique
422 2229 505 2268 viri
538 2229 656 2268 docti
689 2232 955 2277 statuerunt,
986 2228 1041 2268 id.
1064 2228 1174 2269 VIII.
1198 2240 1224 2268 a
1243 2229 1477 2279 Daphnide
1497 2229 1703 2280 puellam,

192 2308 380 2347 puerum
403 2309 429 2336 a
450 2297 656 2336 Menalca
688 2298 961 2337 celebratum
994 2307 1112 2345 esse,
1142 2297 1277 2349 idque
1310 2308 1363 2337 eo
1396 2298 1554 2348 magis,
1586 2297 1703 2348 quod

192 2366 303 2405 mihi
332 2366 572 2405 verisimile
603 2366 788 2414 videtur,
820 2366 1109 2405 Theocritum
1147 2377 1200 2405 ea
1239 2369 1489 2417 spectasse,
1532 2376 1645 2417 quae
1677 2377 1704 2406 a

193 2432 423 2482 Sosithe0‚
475 2434 569 2474 sive
607 2435 661 2474 ab
694 2436 790 2486 ipso
822 2436 936 2484 ficta,
969 2435 1075 2483 sive,
1116 2439 1166 2474 ut
1196 2435 1363 2474 rectius
1392 2433 1584 2474 fortasse
1615 2437 1704 2474 sta—

188 2505 341 2553 tuitur,
373 2515 428 2544 ex
459 2503 607 2555 aliqua
637 2504 787 2544 fabula
816 2504 1019 2555 populari
1049 2504 1213 2544 hausta
1244 2507 1358 2552 sunt,
1390 2506 1570 2544 narrata
1600 2515 1701 2545 esse

190 2574 434 2614 scholiasta
456 2573 501 2612 in
524 2578 790 2623 argumento
812 2574 958 2613 tradit.
999 2574 1062 2613 Ex
1085 2583 1138 2612 eo
1162 2572 1371 2623 sequitur,
1403 2576 1452 2612 ut
1472 2584 1509 2614 v.
1529 2569 1702 2615 49—52

279 2728 308 2771 *J
337 2729 446 2767 Tres.
473 2728 650 2773 strophas
687 2726 950 2769 intercidisse,
991 2728 1081 2762 mihi
1112 2729 1320 2771 propterea
1351 2728 1466 2763 etiam
1495 2728 1699 2763 verisimile

185 2785 354 2826 videtur,
397 2787 501 2830 quod
525 2787 578 2821 ita
604 2785 755 2820 demum
774 2786 919 2828 Justam
950 2784 1115 2819 existere
1148 2784 1319 2820 videmus
1346 2789 1479 2821 cantus
1505 2785 1700 2825 amoebaei

182 2841 470 2887 longitudinem.
