1911 3215
920 79 977 126 24

195 199 441 242 doctissimi
472 199 651 241 uberior
681 199 962 248 exspectetur
991 196 1045 236 de
1078 195 1275 238 dialecto
1297 196 1533 247 poetarum
1572 195 1705 244 buco,-

192 268 380 313 licorum
410 256 661 319 disputatio,
693 268 737 308 in
770 278 868 318 qua,
899 266 1018 318 quod
1046 267 1284 316 praestana
1314 267 1384 305 est
1415 267 1460 306 et
1480 275 1584 307 acre
1605 266 1703 315 ejus

193 337 441 388 ingenium,
477 338 593 380 hanc
625 346 799 389 quoque
828 346 924 377 rem
956 336 1160 377 accurate
1190 332 1448 381 illustrabit,
1486 332 1530 374 id
1562 344 1701 378 unum

192 406 302 447 mihi
332 416 473 453 sum0,
506 409 554 446 ut
578 405 777 456 Vergilio
808 414 985 458 quoque
1017 404 1080 443 ita
1109 403 1256 447 visum
1288 411 1390 445 esse
1422 401 1700 443 contendam.

191 474 303 516 Nam
343 485 480 527 quum
516 474 743 516 Romanae
783 472 941 515 literae
980 471 1258 514 rusticanum
1299 481 1554 514 sermonem
1594 482 1701 522 prae

191 543 361 584 urbano
393 546 671 592 respuerent,
711 542 757 581 id
788 542 951 581 saltem
989 542 1102 591 egit,
1144 544 1194 580 ut
1232 550 1324 581 uno
1363 540 1559 581 alterove
1599 539 1699 582 loco

191 611 398 666 antiquas
419 610 582 651 formas
604 609 885 658 immisceret,
917 609 1035 661 quod
1056 609 1225 652 factum
1243 609 1448 652 videmus
1471 609 1549 651 ecl.
1570 610 1639 653 111.
1662 605 1698 651 1.

189 681 259 720 IX.
289 676 318 720 6
347 679 497 730 (cujum
522 692 640 730 pecus
671 682 717 719 et
754 681 916 721 necdum
954 679 999 719 in
1039 678 1206 719 verbis:
1248 678 1391 731 „quod
1431 688 1515 719 nec
1554 678 1700 721 vertat

189 746 337 796 bene“,
378 759 649 801 quamquam
678 759 768 790 non
809 737 1044 790 immemor
1085 759 1186 790 sum
1224 759 1396 795 eorum,
1439 758 1554 798 quae
1593 747 1701 789 dixit

190 817 417 857 Ameisius
448 816 560 857 Ann.
591 818 694 867 phil.
728 820 772 857 et
808 817 933 867 paed.
973 812 1093 859 1850.
1132 812 1199 858 61.
1234 813 1273 857 4.
1314 829 1352 867 p.
1392 811 1507 864 386).
1583 817 1700 865 Quo-

189 885 336 927 minus
368 885 473 927 talia
504 886 683 936 saepius
715 889 960 934 conaretur,
992 887 1231 927 deterritus
1263 890 1332 926 est
1362 886 1459 926 sine
1492 884 1626 926 dubio
1655 887 1701 924 et

189 964 343 994 eorum
375 953 536 1005 quibus
563 954 741 1005 scripsit
754 954 923 1004 judicio
945 958 990 996 et
1011 955 1306 1007 castigatione
1328 954 1698 1002 adversariorum,

189 1021 243 1063 de
269 1034 358 1073 qua.
378 1022 426 1062 cf.
447 1023 557 1063 Don.
578 1023 603 1062 l.
624 1023 649 1063 1.
670 1024 782 1065 XVI.
827 1025 925 1065 Non
945 1027 1065 1064 recte
1088 1024 1208 1065 enim
1226 1023 1419 1065 Vossius
1442 1022 1547 1073 egit,
1577 1021 1695 1074 quod

188 1089 233 1132 in
265 1090 341 1133 ecl.
362 1090 454 1133 VII.
484 1086 540 1133 54
569 1093 751 1145 antiqua
783 1096 827 1133 et
857 1093 1060 1135 obsoleta
1084 1093 1247 1135 inferre
1265 1093 1429 1143 voluit3
1460 1092 1695 1134 verissime

188 1159 248 1201 ibi
279 1171 333 1200 ex
363 1164 510 1201 mente
530 1162 806 1204 Lachmanui
832 1163 888 1204 ad
909 1164 1033 1204 Lucr.
1058 1175 1096 1213 p.
1119 1160 1176 1204 94
1195 1163 1409 1204 librorum
1431 1161 1695 1211 scripturam

188 1228 452 1279 Ladewigus
483 1230 801 1280 interpretatus
832 1226 953 1278 est.*)
985 1252 1041 1256 ——
1072 1232 1187 1273 Huic
1225 1231 1280 1272 de
1318 1231 1508 1273 dialecto
1550 1230 1697 1280 dispu-

278 1337 307 1381 *)
333 1338 412 1373 Hac
439 1339 527 1375 data
560 1339 758 1374 occasione
794 1339 1007 1384 opinionem
1045 1351 1165 1375 meam
1204 1340 1395 1386 proferam
1433 1340 1479 1374 de
1505 1337 1700 1383 Calpurnii

190 1395 255 1430 ⁰⁰¹·
282 1395 346 1430 ΠΙ·
372 1406 407 1429 v.
433 1396 476 1430 ³4
503 1406 557 1440 sq'
668 1442 746 1477 Nec
771 1444 849 1477 tam
874 1443 985 1477 nobis
1011 1453 1083 1487 ego
1110 1443 1283 1488 Phyllida
1307 1444 1417 1477 reddi

469 1498 626 1543 Exopto,
652 1510 763 1544 quam
790 1500 892 1544 quod
915 1499 1051 1544 Mopso
1073 1501 1254 1546 jurgetur
1279 1501 1423 1535 anhelo.

186 1555 245 1590 Ibi
269 1556 430 1600 praebet
453 1566 550 1590 unus
577 1557 657 1591 cod.
682 1556 715 1590 R
742 1558 769 1591 1.
797 1560 899 1601 (utor
924 1558 1031 1602 siglis
1058 1557 1248 1600 Glaeseri)
1282 1569 1365 1592 cum
1396 1557 1556 1592 maxima
1589 1559 1698 1600 parte

191 1614 362 1646 veterum
388 1612 595 1647 editionum
609 1615 793 1658 jurqetur,
818 1614 853 1648 D
879 1617 910 1650 4.
937 1615 981 1649 G.
1006 1615 1038 1649 R
1063 1617 1095 1651 2.
1131 1627 1212 1650 cum
1246 1615 1434 1650 nonnullis
1469 1613 1698 1649 editionibus

175 1670 359 1714 jungetur,
385 1680 487 1715 quam
512 1681 556 1704 ne
579 1681 648 1715 pro
674 1682 778 1716 quam
798 1673 894 1720 quod
909 1683 929 1707 e
949 1676 1179 1714 correctura,
1205 1676 1247 1708 ut
1265 1676 1436 1721 apparet,
1461 1673 1517 1707 M:
1545 1672 1698 1705 Werns-

187 1728 348 1768 doriius,
380 1738 492 1772 quem
517 1728 640 1765 secuti
665 1732 753 1766 sunt
776 1730 939 1768 Beckius
964 1733 1003 1767 et
1027 1731 1254 1773 GlaeseruS.
1276 1731 1449 1776 reposuit
1462 1732 1635 1775 Jurqetur
1660 1732 1698 1763 et

187 1784 310 1819 anhelo
335 1795 405 1829 pro
432 1785 621 1829 adjectivo
648 1787 805 1831 accepit.
853 1787 890 1822 Is
917 1799 993 1823 exc.
1020 1789 1074 1824 VI
1097 1790 1320 1834 particulam
1346 1789 1441 1834 quod
1470 1786 1695 1832 posterioris

190 1842 326 1876 aetatis
350 1841 443 1876 vitio
469 1853 538 1886 pro
572 1846 657 1884 „ut“
689 1845 852 1891 positam
878 1856 963 1883 esse
989 1848 1139 1882 censuit
1162 1849 1200 1884 et
1235 1848 1354 1884 verba
1378 1847 1552 1890 J'urqelur
1574 1843 1699 1889 MOPS‘?

187 1910 232 1934 ex
252 1899 471 1933 Graecismo
490 1900 701 1944 explicavit,
727 1902 894 1937 excitans
913 1903 1009 1938 hanc
1034 1904 1072 1938 in
1096 1914 1177 1938 rem
1193 1905 1312 1938 Amm.
1331 1903 1447 1937 Marc.
1466 1900 1643 1935 XXVIII.
1660 1902 1697 1934 5:

187 1956 452 2000 „(Burgundii)
479 1957 680 1993 salinarum
707 1959 910 2004 finiumque
937 1972 1052 1996 causa
1075 1961 1293 1998 Alamannis
1320 1971 1434 2008 saepe
1454 1960 1699 2007 jurgabant.“

188 2013 321 2056 Itaque
346 2014 572 2048 sententiam
597 2015 714 2050 totius
739 2017 813 2052 loci
838 2019 910 2053 huc
935 2018 1062 2053 redire
1087 2019 1251 2063 putavit:
1279 2017 1395 2059 „Non
1418 2019 1496 2051 tam
1520 2017 1612 2051 illud
1638 2027 1697 2051 ex-

191 2072 300 2113 opto,
333 2072 376 2103 ut
401 2071 448 2103 ad
473 2081 532 2104 me
557 2072 691 2108 redeat
715 2073 879 2118 Phyllis,
905 2086 1017 2118 quam
1041 2079 1083 2109 ut
1108 2085 1154 2109 ne
1179 2085 1263 2109 cum
1286 2074 1423 2118 Mopso
1449 2073 1499 2108 sit
1523 2076 1562 2108 et
1586 2084 1697 2118 quam

131 2124 144 2134 ⁶
188 2126 346 2170 primum
372 2126 543 2163 cumino
563 2129 776 2173 jurgetur.“
828 2131 969 2166 Contra
1003 2134 1085 2177 ejus
1118 2132 1333 2177 opinionem
1365 2142 1441 2166 non
1474 2131 1594 2167 solum
1625 2132 1698 2168 hoc

187 2183 293 2223 facit,
333 2184 437 2230 quod
460 2184 514 2220 ita
537 2184 786 2233 frigidissima
810 2190 940 2233 prodit
964 2191 1167 2231 sententia,
1205 2190 1274 2226 sed
1299 2189 1412 2226 etiam
1448 2189 1557 2230 illud,
1595 2189 1698 2237 quod

188 2251 426 2285 nequaquam
447 2240 671 2286 Calpurnius
690 2255 809 2289 pravo
831 2246 981 2283 dicendi
999 2258 1140 2294 genere
1165 2258 1256 2283 usus
1276 2250 1345 2285 est.
1393 2247 1539 2292 Nempe
1559 2246 1697 2285 accidit

190 2298 445 2333 Wernsdorfio
469 2299 586 2340 idem,
625 2303 727 2347 quod
752 2303 890 2339 Vossio
917 2305 1103 2341 accidisse
1128 2306 1164 2340 in
1192 2306 1363 2352 Vergilio
1402 2304 1495 2344 dixi;
1534 2303 1697 2336 rusticos

189 2355 357 2388 homines
384 2355 611 2390 existimavit
630 2359 740 2393 etiam
763 2361 904 2397 rustice
921 2361 1027 2407 loqui
1045 2363 1196 2398 debere.
1239 2362 1363 2406 Quum
1382 2362 1575 2406 pleraque,
1600 2371 1697 2404 quae

187 2414 344 2457 propter
369 2412 464 2447 hanc
489 2413 701 2457 opinionem
726 2417 865 2453 vitiosa
887 2420 1052 2464 reliquit,
1073 2422 1152 2463 jam
1171 2432 1193 2454 a
1210 2420 1394 2453 Glaesero
1418 2420 1593 2453 correcta
1611 2417 1697 2455 sint,

189 2471 259 2505 hoc
283 2479 434 2512 quoque
458 2469 541 2504 loco
568 2474 790 2515 purgandus
815 2478 929 2519 poeta
954 2487 976 2511 a
1000 2477 1133 2513 naevis
1158 2477 1197 2510 et
1219 2474 1507 2510 rescribendum
1520 2475 1697 2520 sanyetur

188 2529 226 2563 ct
249 2525 374 2564 anhelo
398 2536 467 2571 pro
496 2526 600 2562 verbo
625 2529 894 2576 accipiendum.
942 2535 1002 2572 Ita
1027 2534 1217 2572 sententia
1242 2536 1302 2571 est
1336 2532 1550 2577 aptissima:
1587 2533 1697 2574 „Non

188 2588 262 2621 tam
287 2586 437 2627 exopto,
464 2586 502 2616 ut
527 2584 610 2619 mihi
633 2587 815 2623 reddatur
839 2590 994 2635 Phyllis,
1020 2602 1133 2637 quam
1159 2590 1325 2638 suspiro,
1350 2590 1453 2634 quod
1477 2590 1695 2639 praevideo,

187 2651 268 2676 cum
294 2640 415 2686 Mopso
441 2650 524 2675 eam
545 2640 718 2687 junctum
751 2644 808 2681 iri.
859 2647 1081 2693 Significare
1116 2649 1234 2686 voluit
1272 2654 1405 2695 poeta,
1441 2650 1520 2684 tam
1557 2650 1695 2683 acerbo

189 2697 370 2742 Lycidam
396 2699 482 2732 odio
508 2697 546 2731 in
571 2698 746 2743 Mopsum
771 2703 967 2748 flagrasse,
994 2709 1035 2740 ut
1061 2717 1174 2751 quam
1198 2705 1281 2749 ipse
1306 2708 1483 2745 amasset,
1507 2706 1598 2740 licet
1623 2704 1696 2738 sibi

190 2764 264 2791 non
287 2756 530 2794 redderetur,
567 2757 693 2791 tamen
725 2768 771 2792 ne
809 2760 958 2798 inimico
998 2763 1233 2807 obtingeret,
1270 2762 1599 2798 vehementissime
1636 2773 1696 2797 ex-

190 2823 350 2865 optaret.

1867 1208 1872 1210 .
1868 1183 1873 1186 .
1857 950 1886 1163 ,ΑίνβινΝἝΆἋ-ες
1858 861 1879 936 :12123'
1851 830 1862 842 Α*

1879 2237 1892 2276 ἓ,

1876 2324 1895 2350 :i

1874 2358 1893 2388 ἢ(

1880 2389 1896 2418 ’3.
