1911 3215
992 108 1051 153 40

272 229 381 268 tiam
413 228 636 268 existimo:
688 228 845 276 ‚,Hinc‚
876 226 1021 266 vicino
1052 227 1107 267 ab
1147 226 1309 276 limite,
1351 231 1565 268 consueta
1605 238 1776 280 saepeS,

274 310 411 351 quum
442 298 573 336 flores
606 296 750 336 salicti
780 294 995 346 Hyblaeis
1027 295 1184 347 apibus
1216 295 1499 347 depascetur,
1531 306 1666 348 saepe
1696 296 1777 337 tibi

272 367 360 407 levi
392 366 576 405 susurro
615 375 820 404 somnum
860 364 972 403 inire
1005 361 1246 404 suadebit.“
1304 364 1370 403 Ad
1415 365 1549 404 crisin
1579 365 1778 404 factitan-

273 435 376 474 dam
417 444 471 472 ex
507 432 664 472 eadem
705 430 1003 471 concinnitate
1032 432 1302 483 permultum
1331 432 1481 472 auxilii
1511 432 1603 484 peti
1632 439 1777 484 posse,
1875 485 1877 487 ι

274 514 364 543 uno
406 503 607 551 exemplo
648 502 953 540 demonstrare
993 501 1136 540 liceat.
1194 501 1282 540 Ecl.
1323 502 1414 540 VII.
1451 513 1489 539 v.
1528 497 1584 539 65
1622 502 1776 551 paucis
1881 511 1911 544 ῆι

273 570 421 610 verbis
487 568 670 607 mutatis
729 568 889 606 iterum
965 567 1129 618 legitur
1181 578 1219 608 v.
1269 563 1335 608 68.
1426 568 1548 608 Idem
1609 568 1777 609 curavit

275 643 409 690 poeta
445 638 490 676 in
523 637 722 686 stropha,
771 646 886 687 quae
926 636 1030 674 huic
1061 636 1266 685 opposita
1301 639 1370 675 est
1399 648 1436 677 v.
1467 632 1671 686 61—-64,
1716 637 1779 676 ita

275 707 465 760 quidem,
497 708 545 744 ut
575 705 620 744 in
651 703 726 743 illa
756 704 948 754 primum
980 707 1023 743 et
1054 707 1262 755 quartum
1291 715 1488 754 versum,
1521 706 1566 745 in
1597 706 1681 746 hac
1710 716 1778 746 se-

274 776 467 817 cundum
499 776 543 813 et
574 775 779 825 quartum
810 773 925 813 inter
962 784 1009 812 se
1041 784 1287 824 congruere
1318 773 1463 814 vellet.
1522 775 1647 814 Haec
1678 786 1778 815 con-

274 843 480 895 gruentia
517 843 840 893 conjunctaque
882 842 923 880 ei
964 842 1246 892 stropharum
1287 842 1563 882 concinnitas
1594 853 1778 894 magno-

270 923 376 964 pere
407 910 665 961 augebitur,
708 909 746 948 si
775 921 813 949 V.
843 905 900 948 64
941 912 1121 949 auctore
1153 909 1327 959 Servio,
1360 911 1494 950 etiam
1525 911 1779 959 Dresdensi,

273 993 407 1034 quem
438 978 641 1031 plurimis
672 978 780 1016 locis
808 978 1056 1028 Wagnerus
1085 978 1521 1029 praestantissimum
1553 979 1669 1029 dicit,
1698 989 1777 1032 pro

272 1050 425 1092 corulos
454 1047 659 1100 posueris
686 1046 848 1087 Veneris.
889 1048 1099 1088 Conferas
1120 1048 1253 1087 modo
1284 1049 1401 1087 inter
1421 1059 1470 1087 se
1492 1049 1575 1087 hos
1595 1059 1775 1088 versus:

325 1129 363 1159 v.
395 1113 452 1158 62
482 1117 723 1158 Formosae
755 1117 928 1166 myrtus
959 1114 1143 1165 Veneri,
1177 1126 1257 1157 sua
1287 1116 1441 1156 laurea
1470 1116 1663 1156 Phoebo.
1887 1119 1911 1172 ἢ

326 1199 364 1226 v.
395 1182 452 1226 64
483 1185 574 1224 Nec
605 1186 777 1234 myrtus
808 1184 958 1223 vincet
986 1185 1188 1233 Veneris,
1218 1195 1300 1224 nec
1329 1185 1483 1225 laurea
1511 1185 1691 1226 Phoebi.
1886 1186 1911 1233 T}

327 1268 366 1295 v.
396 1250 452 1294 65
485 1254 701 1293 Fraxinus
732 1253 778 1292 in
811 1253 934 1292 silvis
965 1254 1240 1303 pulcerrima,
1270 1254 1403 1304 pinus
1434 1255 1479 1293 in
1510 1254 1663 1294 hortis.
1893 1241 1909 1250 ³

325 1336 361 1363 v.
393 1318 450 1362 68
480 1322 698 1362 Fraxinus
730 1321 775 1360 in
808 1321 930 1361 silvis
963 1322 1091 1361 cedat
1124 1322 1212 1369 tibi,
1242 1323 1375 1372 pinus
1406 1323 1634 1362 in'hortiS.

268 1392 465 1438 Librarii,
498 1402 634 1441 quum
664 1390 877 1438 viderent,
909 1393 1031 1430 vincet
1063 1390 1266 1430 absolute
1300 1391 1482 1438 dictum,
1514 1391 1775 1442 interpreta-

267 1460 402 1502 tionis
432 1468 568 1499 causa
597 1459 772 1498 corulos
804 1459 1225 1509 suprascripserunt.
1287 1459 1414 1509 Quod
1446 1463 1599 1499 contra
1630 1460 1777 1510 dispu-

266 1530 378 1570 tavit
406 1528 677 1577 Wagnerus‚
716 1527 998 1567 ambitiosius
1034 1527 1250 1577 Phyllidis
1292 1531 1336 1567 et
1365 1528 1554 1566 Veneris
1594 1529 1778 1568 nomina

267 1599 385 1638 inter
415 1607 463 1636 se
495 1595 679 1646 opponi,
710 1606 800 1634 non
832 1596 1053 1644 ejusmodi
1086 1600 1175 1644 est,
1218 1596 1336 1648 quod
1365 1597 1597 1647 vulgatam
1627 1598 1777 1637 lectio-

265 1678 369 1706 nem
400 1665 582 1703 muniat.
633 1664 745 1702 Nam
776 1667 1086 1714 praeterquam
1119 1664 1238 1715 quod
1268 1665 1379 1703 mire
1410 1665 1578 1704 Phoebi
1609 1676 1775 1704 nomen

263 1734 505 1788 prolatum,
553 1743 642 1772 non
682 1732 903 1783 prolatum
953 1736 1022 1772 est·
1062 1733 1274 1781 Veneris,
1327 1734 1419 1773 sive
1464 1734 1641 1775 additur
1681 1735 1775 1776 sive

265 1805 484 1845 omittitur
513 1813 620 1849 vox,
662 1802 868 1848 ambitio,
911 1813 1024 1853 quae
1067 1805 1136 1841 est
1176 1804 1220 1841 in
1261 1803 1537 1852 oppositione
1579 1803 1689 1842 deae
1731 1807 1775 1843 et

266 1872 452 1926 puellae,
485 1882 574 1911 una
606 1870 851 1923 eademque
882 1872 1045 1911 manet.

378 1942 627 1992 Cognatum
670 1942 739 1978 est
788 1950 932 1989 genus
984 1939 1315 1991 aequabilitatis
1357 1942 1402 1979 et
1451 1940 1773 1989 concinnitatis,

262 2023 399 2064 quum
440 2013 517 2050 aut
555 2009 667 2049 alter
709 2008 1058 2060 colloquentium
1099 2008 1283 2048 alterius
1323 2009 1460 2048 verba
1499 2010 1660 2060 repetit
1698 2013 1775 2050 aut

262 2081 381 2118 idem
432 2081 695 2128 antegresso
745 2078 895 2116 versui
948 2080 1213 2128 sequentem
1263 2077 1583 2117 accommodat.
1642 2079 1770 2118 Prius
1883 2109 1887 2115 .

261 2148 455 2199 legimus
487 2146 669 2185 Theocr.
701 2146 756 2185 id.
788 2146 900 2184 VIII.
933 2142 984 2184 11
1018 2148 1063 2184 et
1094 2141 1158 2184 12.
1890 2066 1911 2221 i

402 2208 594 2270 χρὴσδεις
623 2202 677 2253 ὧν
709 2210 877 2261 ἔσιδε-ῶς
907 2206 1097 2267 χρήσδεις
1126 2211 1378 2254 καταθεῖναι
1409 2207 1584 2261 &emon
1894 2222 1911 2432 ἒ

1900 1556 1911 1587 Ξ

1903 1602 1911 1613 *ἔ

401 2277 567 2339 χρήσδω
596 2275 710 2322 τοῦτ’
747 2278 906 2331 ἐσιδεῖν,
937 2274 1101 2334 χρήσδω
1132 2280 1383 2323 καταῗῖεῐναι
1414 2275 1582 2324 ἅεῖνλον.

262 2357 306 2393 et
343 2363 431 2393 vss.
474 2347 538 2392 18.
571 2348 634 2391 19.
665 2347 731 2391 21.
764 2347 829 2392 22.
902 2351 964 2391 Ex
1004 2351 1074 2392 his
1117 2363 1255 2404 quum
1295 2352 1424 2392 valde
1466 2352 1636 2392 similes
1678 2352 1767 2392 sint

259 2435 296 2460 v.
317 2417 371 2461 18
392 2424 436 2459 et
455 2417 522 2467 21,
553 2424 649 2458 tum
670 2421 830 2459 iisdem
853 2420 1001 2458 verbis
1024 2421 1260 2469 compositi
1281 2424 1387 2459 sunt
1407 2431 1445 2459 v,
1464 2416 1519 2458 19
1540 2422 1585 2458 et
1605 2415 1661 2457 22
1681 2418 1768 2458 λευ-

259 2482 332 2531 κὸν
360 2480 488 2542 καρὸν
533 2483 720 2541 ἔχοισαν,
765 2483 851 2528 ἴσον
886 2479 1024 2539 κάτω,
1074 2479 1160 2528 ἶσον
1205 2480 1379 2529 ἅνωῖῗεν.
1439 2488 1534 2527 Hos
1578 2491 1771 2539 quatuor

258 2569 416 2599 versus
466 2560 570 2597 ante
620 2557 772 2595 oculos
822 2557 979 2596 habuit
1019 2556 1248 2606 Vergilius
1300 2556 1376 2595 ecl.
1408 2556 1475 2595 III.
1507 2552 1573 2595 36.
1604 2552 1671 2596 37.
1701 2552 1769 2596 43.

255 2624 322 2668 44.
352 2623 419 2667 47.
459 2626 572 2666 Nam
605 2624 734 2664 sicuti
765 2636 803 2664 v.
834 2619 900 2664 36.
931 2620 988 2663 37
1021 2628 1065 2665 et
1095 2620 1153 2664 44
1185 2624 1378 2664 similem
1410 2626 1638 2665 continent
1670 2635 1769 2665 sen-

257 2696 461 2743 tentiam,
501 2695 563 2733 ita
592 2704 631 2734 v.
660 2688 718 2733 47
758 2693 935 2743 integra
965 2693 1101 2734 verba
1131 2703 1289 2733 versus
1319 2688 1374 2733 43
1422 2694 1648 2743 „necdum
1678 2694 1765 2734 illis

255 2765 378 2803 labra
409 2763 598 2810 admovi,
630 2762 709 2802 sed
742 2761 922 2801 condita
944 2759 1098 2800 servo“
1128 2762 1317 2811 repetita
1339 2766 1452 2803 sunt.
1496 2763 1643 2811 Quare
1675 2773 1765 2801 non

254 2834 375 2872 recte
407 2832 500 2883 egit
522 2830 749 2878 Arensius,
781 2828 900 2881 quod
921 2829 1146 2869 Theocriti
1175 2829 1296 2870 solos
1325 2840 1413 2871 vss.
1435 2826 1490 2871 18
1509 2834 1553 2871 et
1573 2826 1626 2871 21
1660 2841 1762 2870 cum
