1911 3215
0 930 19 973 -χει,
0 716 17 921 1³szme
3 689 20 703 χ’
5 666 15 679 ,υ
10 653 13 656 ,
6 641 8 643 .
0 613 8 630 ’κ

836 205 894 250 29

105 327 265 375 ‚,Nutri‚
297 336 475 378 quaeso,
507 325 636 373 nutri,
669 336 695 364 o
718 325 852 372 canis,
878 324 1007 373 lupos
1030 321 1212 367 catuIOS,
1234 322 1282 358 ut
1301 322 1346 358 te
1369 317 1615 358 devorent“-

109 394 167 437 Cf.
180 395 235 436 ad
250 394 518 436 sententiam
532 404 570 434 v.
581 389 648 434 44.
660 384 715 441 ὦς
729 386 776 433 τὲ
796 389 1138 433 commendasse
1153 387 1329 427 videtur
1337 388 1432 437 jam
1449 386 1614 427 Ameis.

105 464 239 515 praef.
268 477 308 514 p.
339 464 392 511 X,
434 474 567 514 quem
596 462 697 501 vide
729 462 864 501 etiam
896 460 949 499 de
980 458 1199 498 infinitivo
1229 467 1308 507 pro
1350 457 1614 507 imperativo

105 533 250 584 posito
281 532 393 573 Adn.
423 544 462 583 p.
482 526 551 571 66.
580 551 638 558 —
666 531 852 570 Possem
891 529 962 569 hic
993 528 1171 578 singula
1201 526 1420 565 vocabula
1449 537 1615 565 memo-

106 601 313 647 rabiliora
345 610 616 648 enumerare,
649 609 762 651 quae
793 597 1021 649 Vergilius
1052 595 1289 637 Theocrito
1323 594 1497 641 debuit,
1528 594 1615 633 nisi

108 670 249 710 satius
278 670 521 717 videretur,
563 680 716 708 eorum
747 667 1022 707 mentionem
1053 678 1143 706 una
1175 676 1275 703 cum
1315 663 1616 714 disputatione

108 739 162 778 de
192 738 446 778 nominibus
477 738 665 788 propriis
696 749 722 776 a
752 739 884 786 poeta
906 735 1052 775 Siculo
1084 733 1327 782 assumptis
1359 733 1544 780 rejicere
1571 732 1616 769 in

106 807 241 846 finem
272 807 408 847 totius
441 806 494 847 de
526 806 773 846 imitatione
806 803 1091 857 quaestionis.
1153 803 1306 853 Itaque
1340 812 1393 841 ea
1423 804 1617 840 tantum-

108 876 239 915 modo
270 876 480 915 hocloco
511 875 556 913 in
597 874 794 913 medium
833 872 1098 923 proferenda
1141 875 1260 918 sunt,
1308 870 1469 920 quibus
1511 880 1616 918 prae

107 943 341 984 Theocrito
361 943 550 995 Vergilii
575 943 708 982 Musa
739 941 1038 982 commendari
1068 940 1253 980 videtur.
1315 938 1416 978 Tria
1448 948 1519 977 me
1552 937 1616 976 in-

105 1012 283 1049 venisse
337 1012 530 1059 gaudeo,
584 1021 772 1060 quorum
823 1021 961 1046 unum
1014 1009 1060 1045 in
1115 1010 1351 1059 pronominis
1405 1008 1616 1058 possessivi,

106 1079 294 1118 alterum
324 1079 370 1118 in
398 1077 674 1128 pronominis
704 1077 770 1116 ille
799 1086 902 1124 usu,
945 1076 1125 1115 tertium
1156 1075 1201 1113 in
1233 1077 1411 1126 quaesita
1443 1074 1617 1125 quadam

107 1145 313 1186 literarum
361 1146 555 1198 elegantia
603 1145 799 1195 positum
848 1147 926 1184 est.
1003 1144 1172 1183 Verum
1225 1146 1311 1190 est,
1364 1142 1481 1194 quod
1535 1142 1617 1181 viri

109 1214 227 1254 docti
256 1226 345 1255 non
386 1226 485 1255 raro
540 1215 889 1255 observaverunt
931 1213 1222 1265 inprimisque
1271 1224 1343 1252 me
1391 1222 1525 1262 saepe
1572 1212 1617 1251 in

108 1284 272 1323 scholis
304 1284 358 1323 de
388 1284 543 1334 lingua
574 1283 711 1322 latina
741 1283 905 1321 habitis
934 1282 1166 1321 admonuit
1195 1284 1458 1332 praeceptor
1488 1290 1617 1320 meus

109 1352 384 1401 carissimus,
433 1352 655 1400 Klotzius,
705 1352 889 1391 latinam
934 1351 1132 1401 linguam
1179 1351 1234 1390 ad
1282 1349 1618 1400 exprimendam
1675 1347 1677 1349 ’

109 1429 322 1458 sensuum
369 1420 651 1458 teneritatem
698 1422 742 1457 et
790 1419 1116 1457 mollitudinem
1168 1419 1359 1457 maxime
1409 1418 1618 1456 idoneam

106 1486 256 1527 fuisse.
335 1487 441 1527 Inde
491 1486 758 1527 derivandus
809 1488 877 1526 est
924 1486 998 1526 ille
1044 1487 1321 1537 pronominis
1371 1487 1618 1538 possessivi

108 1567 233 1604 usus,
274 1567 407 1607 quem
438 1556 494 1594 ad
526 1556 718 1594 amicum
750 1556 949 1594 animum
980 1556 1310 1594 testificandum
1343 1557 1477 1594 etiam
1510 1557 1618 1595 Ver-

108 1624 241 1675 gilius
278 1635 367 1664 non
403 1635 502 1664 raro
545 1623 725 1663 admisit
757 1622 824 1672 (cf.
856 1624 933 1663 ecl.
964 1624 992 1663 I.
1024 1618 1089 1663 75.
1137 1624 1186 1664 ΙΙ.
1218 1620 1284 1664 52.
1329 1625 1380 1665 V.
1413 1621 1478 1664 51.
1525 1625 1617 1664 VII.

106 1688 172 1731 22.
202 1688 269 1731 40.
298 1689 364 1731 59.
395 1694 442 1731 X.
464 1689 519 1739 2).
580 1692 663 1731 Hic
695 1703 803 1731 usus
836 1692 921 1731 etsi
944 1692 1126 1730 Graecis
1158 1703 1248 1731 non
1279 1703 1461 1742 prorsus
1492 1693 1618 1743 igno·

107 1763 181 1799 tus
222 1762 310 1808 est,
351 1762 502 1799 tamen
543 1760 659 1810 apud
700 1760 1006 1808 Theocritum,
1053 1761 1124 1799 cui
1164 1761 1208 1799 in
1250 1762 1376 1810 poesi
1416 1762 1619 1800 bucolica

109 1828 383 1877 pronominis
414 1828 476 1866 ita
516 1829 759 1878 usurpandi
801 1829 1062 1878 saepissime
1105 1829 1280 1867 occasio
1322 1830 1471 1868 oblata
1512 1832 1617 1877 erat,

108 1896 147 1935 si
176 1899 295 1935 recte
326 1898 567 1945 numeravi,
598 1898 667 1937 bis
699 1901 872 1937 tantum
893 1899 1112 1948 reperitur
1141 1898 1196 1937 id.
1219 1899 1269 1937 V.
1303 1895 1337 1938 1.
1372 1894 1463 1938 145.
1506 1900 1619 1938 Nam

109 1967 263 2003 contra
293 1964 528 2012 Adertum,
571 1966 645 2016 qui
681 1964 831 2005 Theocr.
872 1965 1035 2018 Append.
1066 1978 1104 2016 p.
1136 1962 1164 2004 8
1197 1958 1257 2018 s'q.
1290 1967 1335 2006 in
1367 1967 1422 2006 id.
1455 1967 1503 2006 ΙΙ.
1537 1963 1618 2006 145

106 2032 220 2071 hanc
267 2033 637 2082 significationem
682 2034 894 2074 inducere
937 2035 1096 2083 voluit,
1144 2035 1253 2073 dixit
1292 2035 1458 2076 Ameis.
1504 2037 1617 2075 Ann.

108 2100 211 2150 phil.
244 2095 365 2140 1845.
394 2097 461 2139 45.
492 2097 530 2140 2.
560 2113 599 2150 p.
632 2097 734 2149 135,
780 2102 865 2141 etsi
895 2102 1085 2141 fortasse
1116 2103 1253 2141 verba
1282 2100 1361 2148 τᾶς
1392 2095 1505 2154 ἀμᾶς
1546 2097 1617 2142 αὖ·

107 2162 297 2219 λητρίδος
328 2168 485 2207 eodem
516 2167 828 2208 familiaritatis
867 2179 1003 2208 sensu
1043 2169 1234 2221 intelligi
1272 2160 1485 2221 possunt,
1533 2183 1619 2223 quo

107 2233 300 2274 Adertus
350 2232 549 2284 Φιλίστας
596 2234 674 2284 τᾶς
725 2230 841 2290 ἀμᾶς
895 2239 1153 2288 accipienda
1203 2240 1385 2288 putavit.
1464 2241 1619 2292 Neque

108 2301 355 2342 audiendus
387 2306 456 2343 est
485 2305 858 2346 Wordsworthius
891 2307 1083 2347 eundem
1110 2318 1295 2347 sensum
1315 2308 1549 2348 intrudens
1572 2310 1616 2348 in

107 2371 163 2412 id.
193 2372 243 2410 V.
264 2367 321 2411 90
352 2375 396 2410 et
425 2374 593 2412 XXVII.
625 2371 698 2421 2.*)
730 2375 944 2423 Alterum,
977 2387 1063 2426 quo
1096 2377 1433 2415 commendatur
1468 2379 1619 2427 poesis

200 2471 228 2513 ¹⁸)
265 2470 513 2504 Nihilominus
549 2472 674 2504 tamen
711 2471 786 2513 adj.
824 2473 915 2512 λεῖος
951 2472 1000 2506 id.
1038 2473 1082 2506 V.
1120 2474 1164 2507 90
1200 2475 1472 2509 removendum
1515 2479 1618 2520 puto.

110 2526 215 2568 Quos
241 2527 338 2560 enim
363 2527 468 2561 locos
494 2527 619 2561 attulit
638 2527 825 2562 Ameisius
852 2528 898 2562 de
925 2531 994 2562 art.
1020 2540 1054 2573 p.
1074 2531 1114 2563 41
1144 2530 1193 2564 ad
1220 2531 1498 2565 defendendam
1523 2533 1617 2566 hanc

110 2583 258 2616 articuli
283 2584 581 2624 collocationem,
608 2594 652 2618 ex
676 2584 723 2618 iis
748 2585 963 2619 eximendos
989 2596 1127 2620 censeo
1153 2586 1203 2620 id.
1229 2587 1314 2620 XX.
1339 2589 1393 2622 24.
1436 2588 1537 2622 XXI.
1564 2590 1618 2623 23.

110 2637 249 2671 XXIX.
266 2640 319 2672 33.
338 2640 443 2674 Bion.
461 2641 505 2674 V.
525 2642 556 2676 2.
576 2641 717 2676 Mosch.
737 2642 763 2676 I.
785 2644 815 2682 5,
842 2642 1020 2686 quoniam
1044 2644 1083 2677 in
1107 2644 1165 2678 his
1192 2645 1364 2679 omnibus
1390 2645 1618 2689 adjectivum

109 2694 318 2739 praedicati
342 2697 378 2729 vi
404 2698 664 2742 accipiendum
690 2702 758 2740 est,
783 2703 1021 2745 possuntque
1048 2713 1131 2736 cum
1157 2702 1342 2745 ejusmodi
1367 2702 1460 2736 locis
1484 2703 1620 2738 Roma-

110 2762 242 2787 norum
272 2752 363 2786 talia
395 2754 576 2797 conferri,
610 2756 719 2801 quale
750 2759 810 2791 est
835 2756 952 2803 Verg.
985 2759 1052 2794 ecl.
1085 2759 1112 2793 I.
1146 2760 1210 2795 29:
1254 2759 1485 2801 „Candidior
1518 2764 1622 2806 post-

111 2821 222 2855 quam
246 2810 417 2845 tondenti
443 2813 563 2848 barba
589 2815 782 2850 cadebat.“
825 2815 1055 2860 conjectura
1080 2829 1177 2851 nunc
1202 2821 1371 2851 remotus
1398 2822 1457 2851 est
1483 2820 1622 2854 articu-

110 2867 168 2902 lus
201 2869 246 2903 ab
278 2868 462 2904 Ahrensio
496 2869 544 2904 id.
577 2871 659 2906 XV.
692 2873 766 2908 145.
814 2873 972 2910 XXVII.
1008 2875 1062 2917 57,
1094 2886 1167 2909 non
1200 2875 1389 2910 curandus
1419 2876 1469 2910 id.
1502 2876 1623 2913 XXV.

112 2925 200 2967 181,
243 2927 345 2971 quod
379 2927 431 2962 ibi
472 2939 681 2971 pronomen
723 2932 1063 2968 demonstrativum
1081 2959 1088 2972 ‚
1130 2944 1205 2967 non
1247 2935 1429 2967 articulus
1471 2935 1624 2979 legitur,
