1911 3215
830 119 887 164 95

109 236 229 277 milis
259 240 330 277 est
358 237 432 279 hic
462 238 597 286 locus,
627 238 715 278 nisi
746 239 864 290 quod
890 239 938 278 in
959 239 1099 278 altero
1127 238 1324 278 membro
1356 250 1447 279 non
1483 250 1606 290 repe-

109 303 295 348 tendum
321 308 391 348 est
419 304 689 347 antecedens
721 304 1008 357 adjectivum,
1038 305 1117 346 sed
1137 304 1330 358 positum
1351 305 1470 346 aliud
1490 307 1605 357 ejus-

110 373 213 416 dem
239 375 589 427 significationis.

221 444 425 486 Alterum
454 443 670 486 accidisse
706 443 863 496 opinor
892 444 1059 486 Mosch.
1080 445 1109 486 1.
1133 439 1188 484 10
1207 439 1471 494 (11.10Ahr.)

1045 517 1093 560 ὡς
1117 519 1195 563 μέλι
1219 518 1334 564 φωνά,

410 575 446 612 ἐν
471 573 511 612 δὲ
533 573 623 622 χολὰ
644 573 721 617 νόος
745 574 837 613 ἐστὶν
862 572 1041 622 ἀνάμερος.

221 649 272 688 In
318 648 467 688 verbis
518 649 847 700 distinguendis
902 649 1123 688 assentior
1169 648 1408 696 Ahrensio,
1458 661 1602 701 neque

110 720 261 757 tamen
310 716 420 756 mihi
469 727 523 757 ea
572 717 782 770 antiquae
822 716 1151 768 interpolationi
1188 715 1338 756 deberi
1376 716 1601 768 videntur3

108 795 213 825 nam
263 785 482 836 explicant
525 785 681 826 fortius
732 797 845 838 quae
893 785 1170 825 antecedunt.
1228 785 1287 824 At
1335 797 1604 837 magnopere

109 850 296 894 offendit
335 864 425 903 me,
456 854 587 906 ,quod
615 866 654 895 v,
685 850 713 894 9
741 855 841 894 voci
879 850 974 907 μέλι
1013 853 1162 894 addita
1200 856 1269 892 est
1297 854 1512 904 particula
1540 845 1604 903 ὦς,

109 921 220 973 nihil
249 921 449 962 additum
474 925 549 976 »est
577 934 616 963 v.
649 917 703 962 10
733 923 947 973 vocabulo
986 915 1101 975 χολὰ.
1159 922 1256 960 Non
1294 927 1411 960 recte
1441 923 1526 961 hoc
1555 934 1603 962 se

108 990 285 1039 habere,
316 991 458 1031 sensit
481 992 576 1040 jam
603 992 748 1031 scriba
768 991 930 1031 codicis
954 987 1018 1039 11,
1049 990 1124 1041 qui
1144 990 1331 1029 correxit
1349 982 1404 1037 ὦς
1425 985 1470 1030 δὲ
1488 983 1598 1042 χολᾶ.

107 1059 277 1110 Neque<
301 1062 452 1099 tamen
495 1070 606 1110 opus
648 1063 718 1100 est
745 1060 831 1099 hac
860 1059 1095 1110 particula,
1146 1059 1184 1098 si
1214 1058 1420 1097 scribitur
1448 1056 1530 1097 πᾶν
1560 1053 1604 1098 δὲ

111 1120 240 1179 χολὰ;
272 1128 437 1167 etenim
466 1139 711 1178 pronomen
741 1125 822 1168 πᾶν
854 1131 899 1168 et
926 1128 1047 1168 vices
1078 1127 1196 1167 illius
1228 1127 1419 1166 sustinet
1449 1130 1493 1165 et
1522 1126 1605 1166 for-

109 1194 268 1236 tiorem
298 1195 443 1237 reddit
473 1195 730 1237 orationem.
788 1196 965 1236 Fortius
1002 1195 1167 1248 aliquid
1206 1195 1388 1247 requiri,
1436 1195 1607 1245 putavit

111 1264 246 1306 etiam
276 1265 581 1313 Hermannus,
632 1266 711 1304 sed
757 1266 869 1305 falso
912 1266 1020 1305 loco.
1078 1266 1158 1304 Est
1201 1268 1351 1304 autem
1388 1261 1470 1303 πᾶν
1499 1257 1607 1315 χολά

107 1344 259 1372 merum
284 1332 359 1385 fel,
409 1333 463 1373 de
505 1344 591 1386 quo
629 1333 904 1385 pronominis
944 1343 1028 1372 usu
1070 1331 1119 1372 cf.
1151 1332 1332 1372 Theocr.
1364 1331 1418 1371 id.
1449 1332 1518 1371 III.
1551 1326 1606 1371 18

112 1395 183 1447 (21
214 1399 336 1448 Ahr.)
366 1394 413 1440 τὸ
444 1398 526 1441 πᾶν
554 1396 683 1448 λίπος.
714 1402 769 1440 id.
800 1401 891 1441 XV.
912 1396 969 1441 20
998 1393 1110 1439 ἅπαν
1139 1393 1274 1451 ῥύπον.
1303 1411 1342 1439 v.
1368 1394 1449 1439 148
1468 1391 1604 1453 χῶνὴρ

108 1461 205 1516 ὅξος
243 1460 367 1509 ἅπαν.
400 1468 530 1520 Soph.
557 1470 668 1510 Phil.
687 1464 783 1510 Γ622
812 1458 841 1524 ἦ
879 1470 1023 1519 κεῖνος,
1063 1460 1091 1522 ἡ
1121 1465 1238 1508 πᾶσα
1277 1460 1422 1519 βλάβη.
1452 1478 1490 1507 v.
1521 1462 1606 1505 927

110 1523 141 1575 ὦ
165 1533 246 1590 πῦρ
267 1529 315 1577 σὺ
336 1532 411 1577 καὶ
429 1535 512 1577 πᾶν
535 1535 668 1591 δεῖμα.
697 1538 759 1579 ΕΙ.
777 1532 859 1577 301
888 1528 908 1576 ὅ
928 1530 1053 1577 πάντ’
1082 1529 1254 1583 ἄναλκις
1274 1525 1403 1585 οὗτος,
1431 1528 1459 1590 ἡ
1491 1532 1606 1575 πᾶσα

110 1597 256 1658 βλάβη.
287 1606 449 1646 Herod.
480 1607 509 1646 Ι.
539 1602 597 1647 32
625 1603 707 1646 πᾶν
736 1603 822 1646 ἐστι
851 1598 1069 1658 ἅνθρωπος
1093 1597 1293 1659 συμφορή.
1328 1605 1522 1655 Apparet
1552 1615 1605 1644 ex

111 1672 304 1713 laudatis
346 1674 597 1725 exemplis,-
623 1674 669 1714 in
708 1674 792 1714 hoc
832 1673 1008 1714 dicendi
1048 1684 1212 1724 genere
1249 1683 1493 1723 pronomen
1522 1669 1606 1719 πᾶς

113 1745 159 1781 et
187 1743 388 1782 attributi
417 1744 514 1783 loco
544 1743 835 1783 substantivis
866 1743 1050 1794 adjungi
1080 1746 1124 1782 et
1155 1753 1318 1793 genere
1347 1745 1503 1781 neutro
1532 1740 1604 1780 vel

111 1809 263 1850 addito
311 1811 383 1850 vel
420 1812 587 1852 omisso
627 1811 810 1851 articulo
850 1811 1160 1851 adverbialiter
1207 1810 1323 1861 poni.
1381 1809 1429 1848 Id
1469 1809 1603 1858 signi-

111 1879 269 1919 ficasse
299 1880 474 1920 videtur
495 1881 721 1920 Ameisius
742 1880 854 1921 Adn.
883 1893 923 1931 p.
942 1876 997 1919 41
1020 1892 1071 1927 n.‚
1102 1880 1331 1929 disputans
1362 1878 1421 1916 ibi
1453 1881 1604 1917 contra

112 1947 382 1989 Wunderum
412 1949 459 1989 in
489 1948 617 2000 Soph.
648 1949 756 1989 Phil.
787 1960 824 1989 v.
855 1943 950 1988 614.
