1911 3215
911 144 966 188 61

190 254 600 309 inconcinnitatem,
638 260 857 313 siquidem
887 262 1027 303 semel
1055 262 1185 303 nobis
1214 266 1537 319 persuasimus,
1578 273 1690 311 stro-

189 324 377 374 pharum
422 329 763 369 concinnitatem
805 331 1126 370 restituendam
1170 340 1291 379 esse,
1335 342 1412 370 cur
1450 329 1523 367 ille
1552 328 1687 378 praef.

187 404 227 444 p.
248 393 349 434 XVI
369 394 543 436 diverso
566 398 808 439 carminum
834 399 953 438 exitu
975 400 1179 440 effectam
1211 409 1312 440 esse
1344 397 1510 446 dixerit,
1540 407 1687 449 neque

190 473 276 514 ego
314 465 533 516 perpiscio
564 478 711 518 neque·
751 468 984 519 quisquam
1027 469 1274 519 perspiciet.
1304 488 1362 494 —-
1390 466 1688 506 Nihilominus

189 531 325 572 etiam
355 534 471 584 apud
499 535 746 585 Vergilium
778 536 816 575 si
847 547 960 588 quae
1001 537 1275 576 concinnitas
1316 536 1433 575 ultro
1466 544 1514 574 se
1545 534 1687 582 offert,

190 610 289 641 eam
318 601 524 642 lubenter
554 604 816 654 amplector,
856 606 1166 657 inveniturque
1203 609 1382 656 praeter
1410 614 1564 653 parem
1592 613 1687 641 ver-

188 678 320 709 suum
350 681 585 710 numerum
606 672 911 713 universarum
934 673 1265 722 cantilenarum,
1297 672 1351 712 de
1372 671 1533 724 quibus
1553 672 1687 710 antea

188 737 293 787 dixi,
330 740 575 791 aequabilis
606 742 822 792 quaedam
853 742 1044 791 partium
1077 742 1313 791 descriptio
1344 742 1391 780 in
1421 740 1487 780 ecl.
1521 739 1569 779 V.
1599 747 1686 777 vss

185 802 365 857 45—55‚
397 808 472 861 qui
502 820 711 851 numeros
742 809 958 851 efficiunt:
991 810 1041 851 V.
1072 807 1178 859 111.*)
1210 809 1279 850 III.
1312 811 1357 849 et
1385 818 1473 850 vss
1504 801 1687 854 81—90‚

187 888 373 929 quorum
411 880 586 919 numeri
626 883 750 919 sunt:
789 879 859 919 IV.
890 880 958 919 III.
990 880 1058 920 III.
1117 880 1208 920 Nec
1246 876 1607 929 repugnaverim,
1648 875 1687 914 si

186 946 285 998 quis
327 947 501 986 initium
542 958 718 999 quoque
759 947 940 998 eclogae
988 947 1311 987 existimaverit
1350 946 1546 997 aliquam
1586 954 1690 984 con-

186 1014 411 1054 cinnitatis
457 1015 651 1064 speciem
693 1026 800 1064 prae
843 1025 892 1053 se
934 1015 1064 1062 ferre,
1107 1016 1268 1065 quippe
1307 1014 1446 1052 hosce
1475 1022 1687 1051 versuum

127 1117 129 1119 ,
187 1091 398 1119 numeros
430 1081 748 1130 complectens:
781 1082 850 1120 III.
876 1082 958 1128 IV.
988 1082 1018 1120 Ι.
1044 1083 1072 1121 Ι.
1109 1082 1178 1120 ΙΙΙ.
1209 1081 1278 1119 ΙΙΙ.
1309 1081 1379 1119 111.
1409 1080 1438 1118 Ι.
1484 1079 1693 1128 Apertior

186 1147 320 1186 etiam
363 1157 435 1187 res
478 1148 524 1187 in
571 1148 727 1199 ecloga
772 1156 919 1201 quarta
964 1148 1140 1188 videtur
1179 1159 1291 1188 esse.
1360 1147 1537 1186 Etenim
1576 1149 1627 1184 ut
1666 1157 1692 1184 a

183 1213 397 1266 principio
430 1218 473 1255 et
502 1217 590 1256 fine
622 1216 842 1267 incipiam,
877 1220 1053 1257 constat
1083 1229 1136 1257 ea
1166 1229 1191 1258 e
1221 1217 1406 1268 prologo
1436 1219 1482 1255 et
1503 1215 1691 1265 epilogo,

183 1295 371 1334 quorum
411 1285 530 1333 prior
571 1282 673 1331 (vss.
716 1281 737 1323 1
761 1305 817 1310 —-
835 1281 879 1332 3)
919 1286 1064 1333 trium,
1094 1285 1317 1336 posterior
1355 1282 1433 1332 (vs.
1464 1278 1522 1322 60
1540 1302 1598 1309 -
1616 1278 1689 1331 63)

184 1354 375 1403 quatuor
403 1363 615 1392 versuum
646 1356 726 1393 est.
758 1353 797 1393 A
824 1365 862 1393 V.
892 1350 921 1393 4
960 1365 1105 1405 usque
1136 1355 1193 1394 ad
1222 1366 1261 1394 v.
1291 1350 1344 1393 17
1376 1356 1567 1405 quatuor
1595 1364 1691 1392 ver·

183 1431 314 1459 suum
362 1421 690 1470 complexiones
741 1422 1010 1460 sententiam
1052 1422 1338 1461 absolventes
1378 1422 1450 1460 his
1490 1422 1688 1461 numeris

183 1497 230 1527 se
271 1487 513 1538 excipiunt:
564 1488 635 1527 IV.
666 1488 737 1528 III.
769 1489 841 1529 IV.
879 1490 949 1529 111.
989 1488 1247 1541 Sequuntur
1286 1499 1428 1541 usque
1470 1489 1525 1529 ad
1564 1500 1602 1529 v.
1633 1485 1689 1528 95

181 1560 271 1595 tres
303 1556 512 1594 carminis
543 1559 714 1606 partes,
766 1568 879 1607 quae
920 1558 1142 1596 sententia
1178 1558 1295 1597 inter
1325 1568 1374 1597 se
1407 1557 1575 1597 divisae
1605 1558 1688 1596 hos

180 1634 391 1663 numeros
431 1623 664 1673 praebent:
715 1624 825 1664 VIII.
856 1625 923 1663 XI.
955 1625 1022 1664 IX.
1083 1625 1285 1677 Denique
1330 1628 1502 1665 restant
1542 1636 1686 1677 usque

180 1691 236 1730 ad
268 1692 493 1742 epilogum
526 1692 639 1730 duae
669 1696 818 1742 partes
851 1696 1137 1743 septenorum
1166 1704 1388 1733 versuum.
1433 1694 1588 1744 Itaque
1618 1697 1686 1732 to-

179 1759 268 1798 tius
300 1758 506 1798 carminis
538 1759 756 1799 rationem
788 1761 1058 1810 strophicam
1088 1761 1151 1800 ita
1182 1761 1434 1811 significare
1471 1760 1594 1799 licet:

293 1827 361 1866 III.
389 1820 394 1878 Ι
422 1827 491 1866 IV.
522 1828 591 1867 III.
623 1828 691 1867 IV.
725 1829 792 1868 ΙΙΙ.
821 1823 825 1879 Ι
854 1828 962 1868 VIII.
995 1829 1062 1869 XI.
1093 1829 1161 1869 IX.
1187 1823 1194 1880 Ι
1220 1829 1312 1868 VII.
1343 1829 1434 1868 VII.
1460 1823 1467 1879 Ι
1493 1829 1563 1867 IV.

291 1895 388 1935 Non
418 1907 552 1946 aegre
588 1895 763 1944 ferrem,
795 1897 832 1935 si
863 1896 893 1935 ii
923 1906 1099 1945 versus,
1132 1897 1291 1948 quibus
1323 1897 1485 1936 diversi
1516 1897 1677 1936 aetatis

180 1964 344 2015 gradus
377 1964 519 2004 Asinii
551 1963 665 2003 Galli
697 1964 1025 2011 describuntur,
1069 1966 1284 2013 majorem
1315 1964 1674 2015 aequabilitatem

178 2033 462 2083 praeberent,
514 2036 557 2071 et
606 2032 778 2072 haereri
828 2032 1017 2071 fortasse
1063 2033 1216 2082 potest
1254 2044 1291 2072 v„
1331 2029 1387 2070 37
1432 2033 1477 2071 in
1525 2032 1674 2071 verbis

176 2104 329 2150 „erunt
361 2101 494 2141 etiam
526 2102 664 2141 altera
694 2098 843 2149 bella,“
872 2111 996 2153 quae,
1030 2112 1165 2152 quum
1191 2100 1291 2141 alter
1317 2098 1452 2153 Tiphys
1479 2104 1524 2140 et
1546 2100 1673 2141 altera

178 2169 281 2221 Aryo
311 2171 560 2209 rectissime
592 2171 804 2218 dicantur,
836 2171 983 2209 minus
1005 2173 1107 2220 apta
1126 2170 1340 2209 videntur.
1390 2169 1536 2218 Quare
1566 2169 1675 2208 mihi

178 2238 370 2288 suspicio
404 2241 525 2277 mota
557 2242 645 2286 est,
687 2239 804 2278 hunc
834 2249 1011 2278 versum
1044 2250 1070 2277 a
1098 2238 1276 2277 librario
1306 2237 1529 2285 adjectum
1561 2247 1674 2285 esse,

181 2310 230 2346 ut
280 2306 517 2357 explicaret
565 2316 721 2346 versus
752 2302 808 2345 34
838 2307 973 2346 verba
1023 2309 1219 2346 extrema
1257 2308 1325 2353 „et
1372 2306 1511 2344 altera
1560 2316 1672 2356 quae

177 2376 312 2415 vehat
341 2373 497 2425 Argo.“
555 2375 760 2430 Potuisse
803 2377 952 2413 autern
984 2375 1167 2414 verbum
1198 2373 1389 2413 vehendi
1421 2374 1516 2413 sine
1548 2385 1672 2413 accu-

179 2445 320 2484 sativo
351 2445 476 2496 poni,
506 2456 594 2483 non
627 2447 695 2482 est
725 2443 841 2495 quod
872 2443 1071 2494 pluribus
1103 2442 1347 2491 ostendam,
1378 2446 1422 2482 et
1452 2453 1673 2482 commen-

175 2512 304 2553 datur
333 2514 445 2554 haec
472 2513 619 2565 opinio
652 2512 784 2553 etiam
822 2515 1065 2563 propterea,
1097 2512 1213 2564 quod
1245 2513 1309 2551 ita
1339 2511 1670 2563 elegantissime

175 2592 265 2621 uno
295 2593 429 2622 versu
460 2583 682 2623 sententia
713 2582 965 2622 absolvitur.
1025 2582 1224 2632 Ingenue
1264 2584 1415 2620 tamen
1454 2581 1671 2630 profiteor,

175 2662 247 2691 me
277 2661 366 2690 non
396 2655 487 2690 tam
519 2663 690 2701 cupere,
726 2662 830 2690 vera
860 2661 885 2689 a
916 2660 986 2689 me
1015 2649 1301 2699 pronuntiata
1339 2649 1502 2699 putari,
1549 2659 1673 2698 prae-

266 2809 299 2851 *)
323 2805 405 2842 Etsi
430 2816 505 2841 vss.
530 2808 574 2840 45
595 2826 641 2832 ——
660 2809 703 2844 52
728 2817 856 2841 omnes
881 2805 1075 2840 Menalcae
1108 2808 1212 2845 sunt,
1236 2808 1363 2838 tamen
1394 2805 1480 2847 apte
1512 2803 1550 2837 in
1577 2803 1672 2838 duas

174 2868 303 2907 partes
329 2863 516 2899 sententia
540 2863 640 2897 inter
665 2875 705 2899 se
732 2865 922 2909 sejunctas
948 2862 1066 2897 dividi
1090 2864 1258 2908 possunt.
