1911 3215
1004 67 1062 112 42

487 181 612 228 φοιτῇς
635 178 669 218 δ’
698 173 780 218 αὖθ’
809 178 927 224 otro-30,
953 175 1043 217 ὅκκα.
1064 178 1189 226 γλυκὺς
1213 176 1317 221 ὕπνος
1340 180 1407 228 ἔχῃ
1432 194 1489 227 με,

488 238 570 285 οἴχῃ
593 234 627 274 δ’
657 236 761 279 effi<
783 232 878 281 zoto’,
903 231 993 273 ὅκκα
1016 235 1144 283 γλυκὺς
1169 232 1274 279 ὕπνος
1297 233 1366 285 ἀνῇ
1389 249 1445 284 με,
1491 275 1495 279 ,

284 313 330 351 et
358 311 413 351 id.
443 312 572 353 XXII.
602 307 658 351 25
690 314 735 352 et
762 306 836 352 26:

486 385 671 433 Κάστορος
693 382 717 432 ἦ
740 382 877 432 πρώτου
902 383 1148 429 Πολυδεύκεος
1172 382 1300 433 ἅρξομ’
1323 382 1471 430 &efflatu

489 441 678 490 ἀμφοτέρω
703 441 850 488 ὑμνέων,
875 440 1106 480 Πολυδεύκεα
1128 447 1262 489 πρῶτον
1287 440 1407 480 ἀείσω.

287 514 398 556 Cum
429 516 499 557 his
532 517 581 557 ef.
612 517 745 566 Verg.
777 517 854 557 ecl.
885 516 957 557 IV.
988 511 1044 556 58
1074 519 1124 571 et·
1149 512 1222 556 59:

490 590 569 624 Pan
594 590 718 631 etiam,
743 590 911 625 Arcadia
934 600 1079 626 meeum
1105 590 1138 625 si
1156 590 1287 635 judice
1314 592 1446 633 certet,

488 646 566 681 Pan
590 647 703 682 etiam
728 648 893 684 Arcadia
919 648 1020 683 dicat
1046 659 1087 684 se
1107 648 1237 693 judice
1262 649 1413 684 victum.

281 720 347 759 De
377 720 460 759 hoc
491 721 587 761 loeo
620 721 852 773 disputans
882 722 1139 763 Macrobius
1170 721 1346 764 Saturn.
1377 722 1428 763 V.
1453 718 1506 763 14
1535 717 1564 762 6
1592 721 1657 763 ed.
1681 722 1792 771 Jan.,

283 788 336 827 ab
357 789 565 837 Homero,
599 791 726 838 cujus
757 791 945 834 eontulit
964 792 1009 831 11.
1030 804 1068 843 χ.
1091 788 1184 839 127,
1204 791 1456 841 Vergilium
1478 791 1789 840 repetitionem

281 856 527 906 sumpsisse
558 858 741 907 putavit.
785 858 968 899 Falsum
1000 868 1101 900 esse
1132 858 1488 911 grammaticum,
1519 869 1609 899 non
1641 857 1789 899 solum

278 934 434 965 versus
468 926 718 966 Theocritei
758 928 1016 976 ostendunt,
1059 929 1139 967 sed
1177 928 1434 977 comprobat
1474 928 1628 974 etiam,
1669 926 1789 977 quod

279 991 396 1042 apud
431 992 680 1033 Homerum
718 1005 902 1046 prorsus
942 996 1030 1036 alia
1068 997 1241 1037 ratione
1281 995 1440 1035 ultima
1484 1005 1588 1046 pars
1627 994 1789 1046 prioris

278 1072 438 1101 versus
460 1063 617 1102 eadem
649 1066 718 1103 est
747 1075 798 1104 ac
828 1065 972 1115 prima
1000 1065 1271 1116 posterioris,
1304 1065 1432 1113 eujus
1464 1064 1786 1115 epanalepseos

281 1139 424 1180 genus
458 1131 625 1182 reperis
655 1135 888 1183 praeterea
918 1145 952 1174 υ.
978 1129 1074 1193 ξ71.
1106 1132 1151 1185 ψ.
1173 1129 1267 1173 641.
1307 1134 1489 1173 Rectius
1521 1125 1622 1172 eum
1653 1141 1787 1171 versu

278 1197 517 1239 Homerico
550 1204 855 1251 comparasset
885 1202 962 1242 ecl.
993 1202 1045 1242 V.
1076 1198 1142 1241 51.
1173 1197 1230 1242 52
1260 1204 1305 1241 et
1335 1202 1403 1240 IX.
1434 1196 1501 1241 64.
1532 1196 1605 1249 65,
1636 1211 1788 1252 quam-

279 1277 411 1318 quam
442 1279 498 1307 ne
530 1268 601 1308 hic
633 1269 812 1321 quidem
850 1273 983 1320 poeta
1011 1272 1162 1321 potius
1192 1271 1441 1310 Homerum
1481 1281 1614 1321 quam
1647 1269 1789 1307 Theo-

277 1335 436 1374 critum
467 1336 538 1375 vel
571 1347 705 1389 quem
734 1338 908 1388 putavit
938 1338 1227 1378 Theocritum
1259 1340 1442 1378 secutus
1476 1340 1553 1377 est.

388 1427 621 1467 Hactenus
639 1438 817 1479 semper
830 1428 1043 1468 laudabili
1061 1440 1163 1469 eum
1177 1440 1283 1469 eura
1301 1431 1345 1469 et
1361 1427 1592 1479 diligentia
1608 1429 1789 1478 poetam

274 1493 526 1534 Romanum
564 1496 609 1535 in
654 1497 858 1537 versibus
897 1497 954 1538 ad
996 1498 1308 1538 concinnitatis
1344 1497 1494 1548 legem
1536 1495 1788 1548 pangendis

272 1574 522 1615 vocumque
579 1566 813 1605 iteratione
876 1566 1086 1607 ornandis
1144 1578 1246 1606 cum
1296 1566 1444 1607 Siculo
1500 1564 1787 1613 contendisse

274 1632 491 1672 existimo.
557 1633 672 1673 Addi
713 1635 825 1674 haec
870 1635 957 1674 duo
997 1638 1198 1686 possunt.
1266 1635 1484 1675 Nimirum
1525 1637 1575 1673 ut
1615 1632 1786 1673 fruetus

272 1699 477 1741 lectionis
510 1703 758 1743 carminum
789 1704 1157 1744 Theocriteorum
1189 1704 1326 1743 etiam
1356 1704 1402 1743 in
1433 1704 1594 1743 ceteris
1624 1705 1785 1752 poetae

274 1770 482 1819 operibus
523 1772 792 1821 conspicuus
830 1775 899 1811 est
938 1770 999 1820 (id
1038 1783 1065 1811 a
1102 1772 1288 1823 consilio
1326 1782 1426 1811 meo
1465 1772 1663 1811 alienum
1699 1770 1786 1810 hoe

271 1837 370 1877 loco
408 1849 498 1877 non
540 1851 787 1893 persequor
822 1841 1091 1889 accuratius,
1138 1841 1218 1881 sed
1260 1840 1444 1880 laudare
1489 1840 1600 1879 satis
1636 1839 1781 1878 habeo

274 1905 433 1958 Georg.
456 1908 527 1948 IV.
547 1904 630 1949 525
654 1907 777 1962 sqq),
809 1909 871 1949 ita
900 1910 1138 1950 imitatoris
1163 1911 1273 1950 vitia
1303 1909 1498 1950 auctoris
1531 1907 1784 1958 exemplum

272 1978 588 2028 exaggerantis
620 1990 709 2019 non
742 1991 886 2030 pauca
925 1979 1223 2021 inveniuntur.
1282 1979 1430 2031 Atque
1460 1978 1546 2018 hoe
1576 1980 1782 2029 reputare

273 2045 525 2085 debuerunt
556 2050 601 2086 et
631 2050 672 2095 ii,
705 2049 778 2099 qui
810 2049 887 2088 ecl.
910 2050 947 2088 X
976 2060 1014 2089 v,
1036 2045 1104 2096 76,
1137 2060 1275 2100 quum
1306 2048 1467 2088 abesse
1499 2058 1526 2086 a
1556 2046 1782 2086 nonnullis

275 2114 502 2155 codicibus
533 2116 754 2165 viderent,
794 2116 1022 2157 sublatum
1058 2117 1287 2164 volebant,
1329 2119 1373 2155 et
1404 2116 1453 2156 G.
1485 2117 1781 2162 Hermannus‚

271 2183 344 2234 qui
377 2183 432 2223 ad
463 2183 585 2226 Bion.
625 2197 663 2235 p.
695 2181 752 2224 47
786 2187 967 2235 propter
1004 2186 1224 2224 rationem
1262 2185 1533 2235 strophieam
1572 2185 1648 2224 eel.
1680 2184 1782 2231 VIII

271 2353 446 2387 constare
471 2352 599 2387 voluit.
649 2352 744 2387 Sunt
769 2354 894 2386 autem
924 2350 1035 2385 unius
1067 2353 1211 2385 tantum
1236 2352 1402 2395 pastoris
1436 2361 1559 2395 neque
1592 2352 1640 2386 ad
1666 2352 1777 2385 finem

268 2409 454 2453 perducti.
503 2409 712 2453 Quominus
753 2411 867 2453 poeta
909 2411 947 2443 et
987 2408 1099 2452 hujus
1139 2410 1287 2442 cantum
1328 2409 1529 2452 perficeret
1565 2410 1604 2442 et
1641 2418 1776 2442 versus

268 2465 437 2506 alterius,
478 2466 542 2511 qui
580 2467 867 2510 responderent,
904 2465 1075 2505 adderet,
1117 2468 1249 2505 morte,
1286 2465 1431 2508 opinor,
1468 2464 1672 2509 impeditus
1707 2468 1777 2500 est.

268 2523 550 2564 Artemidorus,
584 2526 625 2558 ut
650 2534 715 2558 eos
751 2524 965 2564 invenerat,
999 2534 1083 2559 cum
1119 2533 1195 2557 vss.
1221 2522 1366 2557 63—70
1403 2524 1613 2568 conjunxit,
1647 2523 1712 2568 qui
1738 2527 1776 2559 et

268 2580 351 2625 ipsi,
394 2593 621 2627 quamquam
647 2581 860 2615 absolutum
899 2581 1085 2616 canticum
1111 2579 1299 2620 exhibent,
1337 2582 1461 2614 tamen
1486 2592 1531 2615 eo
1569 2581 1726 2616 consilio
1751 2592 1774 2615 a

268 2641 380 2682 poeta
404 2639 495 2674 facti
520 2639 708 2679 videntur,
733 2640 774 2672 ut
800 2640 838 2673 et
864 2639 1022 2673 alterum
1048 2638 1235 2674 canticum
1261 2640 1299 2671 et
1323 2640 1518 2681 pastorum
1543 2638 1773 2683 colloquium

270 2696 439 2732 adderet.
464 2697 568 2733 Haec
594 2697 626 2731 si
645 2707 736 2731 vera
756 2699 854 2736 sunt,
879 2696 1062 2737 videmus,
1082 2707 1157 2741 qua
1175 2695 1322 2730 ratione
1341 2700 1454 2740 poeta
1471 2696 1510 2731 in
1530 2696 1772 2731 elaborandis

268 2754 495 2789 carminibus
521 2754 736 2790 amoebaeis
763 2756 939 2788 versatus
966 2754 1024 2788 sit.
1073 2753 1132 2788 De
1158 2752 1323 2789 carmine
1356 2764 1472 2795 nono,
1510 2754 1617 2798 cujus
1644 2764 1773 2789 omnes

266 2813 345 2847 tres
371 2813 549 2858 strophae
575 2813 665 2848 mihi
690 2824 712 2847 a
736 2814 851 2857 poeta
874 2812 1069 2856 profectae
1096 2811 1286 2852 videntur,
1311 2811 1410 2846 infra
1435 2812 1567 2847 dicam.
