1911 3215
933 134 990 179 59

212 247 367 297 velim,
407 249 524 290 cadit
555 261 608 291 ea
638 251 879 301 sententia,
918 264 1051 305 quam
1081 252 1135 293 de
1163 253 1305 294 tribus
1342 254 1481 304 idyllii
1510 253 1710 305 partibus

214 317 463 367 ephymniis
512 320 628 359 inter
676 332 725 360 se
771 321 1002 370 disjunctis
1051 322 1220 372 primus
1267 322 1448 371 protulit
1477 322 1711 372 HauptiuS,

211 385 510 436 probaverunt
549 389 831 430 Hermannus
883 393 928 429 et
966 389 1224 430 Ahrensius.
1292 390 1521 440 Expressit
1558 394 1711 430 autem

213 456 545 496 accuratissime
575 458 801 508 Vergilius
834 462 1060 498 auctorem
1092 469 1221 497 suum
1252 458 1298 497 in
1338 458 1422 496 hac
1454 458 1711 508 ephymnio-

212 534 310 563 rum
340 524 522 574 ratione,
553 526 640 566 nisi
671 526 788 578 quod
816 527 938 579 prius
960 527 1247 578 ephymnium
1279 537 1419 579 usque
1446 526 1502 566 ad
1531 527 1711 577 paenul-

213 593 368 631 timam
406 595 633 643 stropham
663 596 945 634 immutatum
983 593 1217 641 retinuit*).
1248 614 1304 620 —-
1335 595 1540 634 Carmina
1570 595 1712 634 Theo-

213 659 329 710 criti,
372 672 557 713 quorum
599 662 786 714 singulis
822 663 1023 714 partibus
1054 663 1293 714 ephymnia
1322 663 1473 702 addita
1503 666 1625 711 sunt,
1666 663 1712 702 in

211 729 324 769 tales
356 731 561 780 strophas
598 731 736 771 fuisse
768 732 928 779 divisa,
970 743 1084 783 quae
1119 742 1330 770 versuum
1370 742 1556 770 numero
1596 732 1714 769 inter

212 807 261 837 se
291 798 621 849 responderent,
654 800 836 839 concedi
866 800 921 839 ab
945 800 1150 840 omnibus
1180 803 1299 850 puto.
1339 799 1531 839 Easdem
1563 801 1714 838 autem

211 879 238 906 a
268 866 548 917 simplicitate
578 869 728 919 poesis
763 869 988 918 popularis
1029 880 1120 908 non
1158 872 1355 907 remotas
1397 878 1497 907 esse
1539 867 1713 914 debere,

211 935 410 985 quisquis
442 938 619 984 poetam
651 935 845 974 Siculum
888 946 986 974 eam
1027 938 1130 973 ante
1172 935 1324 974 oeulos
1364 936 1578 974 habuisse
1617 944 1716 984 per-

212 1012 396 1041 suasum
426 1003 582 1050 habet,
623 1013 800 1052 semper
838 1002 1081 1042 tenendum
1123 1002 1371 1042 contendet.
1430 1004 1585 1054 Itaque
1615 1013 1717 1041 mea

212 1070 390 1120 quidem
412 1070 618 1120 opinione
649 1070 680 1108 ii
710 1069 974 1120 reprehendi
995 1080 1084 1109 non
1106 1072 1307 1119 possunt,
1340 1070 1414 1121 qui
1434 1071 1518 1109 hac
1541 1073 1719 1109 senten-

210 1137 273 1177 tia
302 1137 481 1186 imbuti,
512 1149 538 1177 a
569 1138 794 1178 codicibus
826 1138 864 1177 si
893 1149 1050 1188 parum
1081 1138 1232 1177 auxilii
1263 1138 1553 1186 offerebatur,
1586 1139 1720 1178 etiam

211 1206 267 1245 ad
312 1206 590 1255 conjecturas
621 1206 927 1258 confugerunt.
987 1207 1155 1246 Verum
1201 1206 1245 1245 id
1291 1207 1408 1246 cadit
1454 1210 1629 1246 tantum
1674 1208 1721 1246 in

210 1274 400 1324 primum
432 1277 477 1313 et
506 1274 694 1314 alterum
725 1274 946 1325 idyllium,
986 1274 1031 1313 in
1073 1285 1262 1325 quorum
1301 1274 1548 1324 posteriore
1578 1295 1637 1300 -—
1667 1275 1721 1314 de

210 1342 356 1392 priore
396 1342 524 1382 aliter
562 1343 708 1382 sentio
738 1362 794 1369 —-
825 1345 944 1382 recte
984 1342 1088 1382 fecit
1118 1343 1392 1391 Ahrensius,
1442 1343 1559 1395 quod
1591 1343 1722 1392 ejecit

209 1422 248 1451 v.
269 1405 336 1458 61,
368 1410 547 1459 adjutus
579 1411 713 1449 etiam
745 1410 910 1450 codicis
941 1411 1098 1460 optimi
1127 1411 1167 1450 k.
1196 1415 1240 1449 et
1272 1411 1541 1450 scholiastae
1572 1415 1723 1450 aueto-

210 1478 351 1518 ritate.
411 1478 476 1517 De
506 1477 689 1530 reliquis
721 1478 992 1518 carminibus
1030 1478 1092 1518 ita
1116 1479 1290 1529 judico,
1333 1483 1398 1528 ut,
1442 1480 1480 1519 si
1510 1480 1723 1531 strophae

213 1547 497 1596 simplicitate
529 1547 721 1598 quadam
753 1548 1131 1586 commendabiles
1162 1548 1277 1586 ultro
1310 1558 1359 1587 se
1391 1549 1604 1596 offerunt,
1644 1559 1722 1588 eas

212 1614 528 1664 amplexandas
560 1618 604 1653 et
632 1614 900 1662 retinendam,
933 1615 1001 1653 sin
1032 1616 1191 1663 minus,
1224 1615 1471 1655 cavendum
1501 1626 1602 1655 esse
1634 1617 1719 1655 exi-

213 1682 410 1728 stimem,
450 1692 506 1720 ne
536 1685 715 1730 poetam
755 1682 902 1731 ipsum
933 1683 1221 1732 corrigamus.
1280 1683 1335 1721 Et
1375 1684 1459 1721 hac
1491 1684 1545 1722 de
1583 1695 1720 1722 causa

211 1749 350 1801 probo
383 1761 447 1798 ea,
478 1760 591 1801 quae
620 1749 675 1790 de
705 1750 838 1790 tertio
870 1751 1065 1791 carmine
1097 1750 1339 1801 disputavit
1358 1750 1585 1791 Ameisius
1605 1751 1718 1791 Adn.

213 1830 251 1866 p.
272 1813 329 1856 26
351 1827 423 1867 sq.,
455 1828 569 1867 quae
591 1818 645 1856 de
667 1818 824 1855 eodem
856 1821 899 1855 et
922 1818 976 1855 de
1007 1818 1189 1868 reliquis
1211 1821 1464 1856 statuerunt
1483 1819 1716 1868 Hauptius‚

212 1885 508 1933 Hermannus,
531 1884 790 1933 Ahrensius,
813 1885 974 1937 quippe
996 1897 1208 1936 magnam
1238 1889 1408 1936 partem
1430 1885 1559 1924 valde
1583 1886 1717 1925 dubia

214 1957 258 1993 et
287 1954 466 2001 ineerta,
504 1964 622 1993 nunc
651 1954 696 1992 in
726 1953 874 1992 medio
914 1953 1126 2004 relinquo.
1185 1954 1234 1992 Id
1270 1963 1375 1992 vero
1417 1953 1714 1993 certissimum

215 2022 324 2062 mihi
373 2021 556 2069 videtur,
606 2022 694 2062 nisi
736 2032 918 2071 prorsus
969 2022 1131 2061 idonea
1179 2022 1413 2071 explicatio
1464 2021 1713 2068 accesserit,

215 2090 477 2141 neutiquam
515 2090 743 2140 probanda
774 2100 895 2137 esse,
946 2100 1058 2141 quae
1104 2090 1186 2129 hac
1218 2089 1272 2128 de
1318 2099 1453 2129 causa
1498 2088 1714 2139 neglectis

215 2158 509 2209 apertissimis
558 2157 824 2210 quibusdam
863 2157 1051 2209 Vergilii
1101 2160 1146 2197 et
1192 2156 1338 2197 Ovidii
1392 2157 1715 2197 imitationibus

214 2226 467 2276 nuperrime
488 2226 737 2266 Ahrensius
767 2227 957 2267 novavit.
1000 2227 1113 2266 Nam
1145 2226 1201 2266 ad
1220 2226 1606 2265 haec'excusanda
1626 2237 1716 2265 non

307 2392 336 2435 *)
362 2391 445 2426 Non
478 2391 668 2426 invenisse
693 2390 902 2435 Vergilium
937 2390 975 2424 in
1001 2390 1131 2424 codice
1164 2400 1231 2424 suo
1262 2390 1361 2426 πάλιν
1387 2401 1456 2434 pro
1486 2391 1584 2436 φίλαι
1607 2401 1714 2425 usur-

216 2452 355 2493 patum,
380 2449 490 2484 facile
515 2448 607 2483 illud
632 2447 783 2492 quidem
808 2446 992 2491 suspicari
1016 2446 1162 2490 possis,
1202 2447 1426 2491 putavitque
1456 2447 1568 2482 etiam
1592 2447 1716 2481 Ruhn-

217 2506 300 2539 ken.
325 2505 391 2550 Ep.
417 2507 498 2541 erit.
524 2517 559 2550 p.
586 2507 646 2546 65,
680 2506 760 2549 jam
784 2503 946 2549 Vergilii
980 2506 1152 2546 tempore
1188 2503 1227 2538 in
1252 2504 1446 2538 Theocriti
1482 2503 1588 2538 libris
1625 2503 1716 2537 vitia

216 2560 347 2601 fuisse,
372 2563 441 2596 sed
466 2565 570 2598 caret
594 2564 688 2597 haec
713 2561 858 2606 opinio,
894 2560 925 2594 si
951 2559 1146 2604 exceperis
1173 2570 1270 2605 quae
1296 2561 1342 2595 ab
1366 2560 1606 2595 Artemidoro
1630 2570 1716 2604 pro-

217 2618 319 2652 fecta
343 2621 447 2660 sunt,
474 2621 574 2654 omni
598 2620 772 2655 veritatis
798 2618 925 2663 specie
951 2628 1037 2658 nec,
1062 2621 1243 2661 quantum
1269 2618 1389 2652 adhuc
1415 2617 1607 2651 Theocriti
1631 2617 1717 2651 reli-

220 2685 454 2721 quorumque
487 2687 622 2712 versus
656 2687 739 2713 cum
763 2675 994 2721 Vergilianis
1027 2676 1260 2719 comparavi,
1289 2675 1403 2708 ullum
1434 2674 1639 2718 vestigium
1663 2673 1718 2708 in-

219 2733 317 2775 veni,
341 2733 441 2768 unde
467 2735 680 2770 confirmari
716 2734 847 2779 possit.
895 2732 1144 2768 Nihilominus
1181 2743 1330 2776 semper
1353 2733 1435 2775 ejus
1471 2731 1509 2765 in
1545 2741 1720 2775 perscru-

217 2792 345 2827 tandis
380 2791 652 2827 imitationibus
676 2802 820 2827 memor
850 2800 927 2827 ero,
974 2790 1066 2835 Maji
1093 2790 1242 2835 quidem
1277 2789 1468 2833 interpres
1502 2788 1524 2822 l.
1550 2788 1572 2823 l.
1597 2788 1719 2825 videri

217 2853 346 2895 potest
368 2849 469 2887 πάλιν
494 2860 569 2885 non
592 2850 747 2895 legisse.
