1911 3215
859 125 914 169 31

138 244 276 294 gioris
308 243 545 284 distantiae
575 243 804 285 notionem
833 242 979 293 magis
1022 202 1285 292 prement‘gss‘
1309 231 1510 318 ἕψε-’ζα
1529 230 1640 293 ἐκεῖ·

136 322 205 360 νος
232 312 304 353 vel
332 312 542 353 Doricum
571 309 693 367 τῆνος
721 312 841 351 idem
871 313 1005 362 atque
1043 319 1291 361 pronomen
1321 305 1474 357 ἐκεῖνσξ
1501 302 1641 367 sjg'ni-

136 382 273 422 ficans
296 391 549 431 usurpasse.
586 382 681 420 Hos
711 380 847 430 igitur
877 380 998 419 locos
1030 380 1068 418 si
1099 378 1335 428 exceperis,
1364 358 1668 427 pronomiffiffi
1707 434 1723 438 ..

135 450 198 493 ille
227 451 344 502 apud
373 450 622 501 Vergilium
653 452 697 489 et
725 449 1000 499 pronominis
1039 445 1164 503 τῆνος
1203 447 1323 498 apud
1353 447 1640 487 Theocritum
1714 428 1759 478 ἦ·

135 529 268 559 usum
298 519 569 559 amicissime
592 518 856 568 conspirare,
879 529 933 557 ex
962 518 1017 557 iis
1036 517 1221 572 videbis,
1254 527 1369 568 quae
1390 517 1638 566 Wagnerus

137 591 182 627 et
211 587 437 628 Ameisius
470 573 819 638 disputaverunt,
850 587 936 627 nisi
971 574 1088 638 quod
1118 588 1253 637 poeta
1282 586 1512 625 Romanus
1545 597 1640 625 sae-

133 656 234 706 pius
265 657 401 698 etiam
433 666 565 706 quam
594 656 769 696 Siculus
806 656 852 695 in
884 656 1051 705 eclogis
1072 676 1130 680 —
1160 655 1215 694 de
1245 654 1316 693 his
1347 657 1500 693 autem
1532 655 1639 693 solis

132 723 205 763 hic
236 724 407 764 dissero
437 743 494 751 —
522 724 698 775 poetica
729 725 920 775 quadam
957 723 1233 774 praestantia
1264 723 1398 773 spatii
1426 723 1498 762 vel
1528 725 1640 762 tem-

116 791 252 844 poris
301 793 551 833 remotioris
603 793 977 843 significationem
1027 792 1194 832 extulit.
1259 792 1342 832 Est
1390 794 1542 831 autem
1592 792 1639 831 in

132 859 441 902 transferenda
461 871 570 901 voce
590 857 711 909 τίνος
730 861 992 912 pronomine
1013 861 1077 902 ille
1098 870 1209 901 usus
1230 860 1328 900 loco
1350 860 1634 911 apertissimo

135 929 210 968 ecl.
241 931 290 970 X.
322 927 374 969 13
408 941 470 981 sq.
511 929 622 978 (coll.
653 931 708 969 id.
740 932 768 970 Ι.
800 927 866 969 71.
897 927 989 978 72),
1030 941 1121 970 000
1157 931 1306 970 minus
1343 930 1436 969 fere
1467 930 1634 980 apertis

130 996 181 1035 V.
210 994 268 1036 49
307 996 418 1045 (coll.
450 999 505 1037 id.
536 999 565 1037 I.
602 994 631 1035 4
661 995 753 1048 sq).
813 998 924 1037 VIII.
955 993 983 1035 8
1025 996 1137 1044 (0011.
1168 998 1223 1036 id.
1255 998 1347 1036 VII.
1377 994 1462 1045 63).
1522 998 1634 1038 VIII.

129 1058 195 1102 91.
229 1060 311 1103 103
344 1063 455 1111 (0011.
488 1066 543 1106 id.
574 1066 613 1104 II
644 1068 826 1115 excepto
859 1065 1097 1115 ephymnio
1128 1066 1273 1116 priore
1303 1076 1342 1105 V.
1372 1062 1440 1105 31.
1470 1061 1537 1105 30.
1567 1063 1635 1106 44.

35 1141 65 1160 r
129 1125 222 1181 60);
264 1132 382 1172 idem
423 1137 574 1173 tamen
612 1133 723 1174 illum
758 1145 836 1184 pro
868 1146 925 1173 νιν
957 1135 1065 1174 dixit
1097 1135 1172 1174 ecl.
1204 1135 1316 1173 VIII.
1347 1131 1404 1173 43
1436 1133 1548 1182 (coll.
1579 1135 1634 1175 id.

55 1232 57 1234 .
128 1199 197 1240 111.
230 1196 311 1249 16).
372 1203 521 1244 Tertia
566 1203 785 1254 quaedam
816 1192 1004 1253 Vei-gilii
1048 1203 1190 1244 virtus
1235 1203 1280 1242 in
1326 1214 1379 1242 eo
1430 1204 1635 1253 cernitur,

128 1269 245 1320 quod
275 1270 503 1312 literarum
535 1281 645 1311 sono
684 1282 817 1321 saepe
848 1283 942 1311 rem
983 1272 1127 1322 ipsam
1159 1272 1412 1323 significare
1451 1272 1633 1313 studuit.

66 1365 68 1368 -
128 1337 186 1378 Cf.
219 1339 294 1379 001.
325 1340 355 1379 I.
386 1336 451 1381 56.
511 1341 578 1380 III.
609 1336 675 1379 27.
706 1335 760 1378 55
793 1350 884 1392 sqq.
924 1341 975 1381 V.
1004 1336 1062 1380 46
1093 1352 1185 1393 sqq.
1216 1336 1273 1382 82
1304 1352 1396 1393 sqq.
1442 1341 1534 1382 VII.
1568 1338 1632 1383 13.

57 1418 67 1448 j
127 1406 254 1455 Quod
286 1408 522 1447 artificium
552 1419 821 1460 0001000010
852 1421 878 1448 0
899 1409 1134 1450 Theocrito
1164 1421 1255 1450 non
1276 1411 1533 1461 neglectum
1564 1414 1634 1450 est

128 1472 227 1521 (vid.
260 1486 294 1515 e.
327 1488 365 1526 g.
397 1477 445 1515 ΙΙ.
476 1471 533 1514 38
564 1474 664 1528 sq),
707 1479 858 1516 tamen
889 1478 1057 1526 majore
1099 1490 1199 1518 cum
1236 1479 1469 1530 diligentia
1497 1483 1633 1530 poeta

40 1533 64 1595 {²
122 1543 351 1585 Romanus
402 1546 546 1585 coluit.
625 1545 827 1597 Denique
877 1547 933 1586 ad
988 1547 1100 1586 haec
1150 1547 1348 1598 adjungo
1401 1549 1631 1599 singulare

125 1612 346 1661 quoddam
378 1614 633 1660 artificium,
675 1625 761 1663 quo
802 1624 911 1653 usus
945 1619 1014 1653 est
1042 1615 1270 1665 Vergilius
1303 1618 1379 1656 001.
1410 1618 1521 1657 VIII.
1553 1613 1628 1657 20:

43 1673 56 1681 ”
122 1682 191 1728 ,,01
219 1678 389 1731 fragilis
421 1681 607 1721 incende
646 1681 864 1723 bitumine
904 1681 1092 1724 laurus.“
1149 1684 1327 1725 Etenim
1358 1686 1628 1736 adjectivum

118 1748 273 1799 frayilis
296 1759 347 1787 eo
371 1750 555 1788 consilio
580 1750 778 1797 adscivit,
810 1754 858 1789 ut
890 1753 1122 1804 utriusque
1145 1754 1424 1803 significatus
1455 1756 1629 1794 ratione

121 1815 284 1864 habita,
317 1827 450 1867 quem
481 1820 604 1856 tenet
636 1818 774 1858 subst.
806 1818 964 1869 fragor,
997 1823 1042 1859 et
1073 1822 1360 1871 celeritatem,
1393 1834 1480 1874 qua
1511 1835 1629 1863 com-

120 1883 253 1922 busta
286 1888 355 1923 est
389 1886 551 1933 laurus,
599 1889 643 1924 et
674 1887 909 1936 strepitum
951 1888 996 1927 in
1041 1890 1340 1930 comburendo
1382 1892 1628 1933 denotaret.

122 1950 180 1991 cf.
225 1952 365 1992 Klotz.
396 1953 476 1993 lex.
515 1964 547 1993 s.
577 1964 615 1993 v,
662 1953 833 2004 fragilis
880 1959 923 1994 et
968 1957 1149 1998 Theocr.
1181 1959 1230 1999 II.
1270 1955 1324 2000 23
1358 1971 1468 2012 800.,
1514 1971 1626 2013 0008

119 2031 276 2060 versus
316 2021 517 2062 imitatus
563 2026 642 2063 est.
708 2024 789 2063 His
833 2028 877 2064 et
923 2025 1086 2066 talibus
1128 2029 1415 2069 confirmatur
1452 2031 1627 2071 Horatii

31 2088 50 2141 ’ᾗ
113 2089 351 2138 judicium,
382 2094 602 2142 quatenus
643 2092 698 2131 ad
730 2093 909 2144 eclogas
941 2096 1153 2144 pertinet,
1197 2096 1286 2137 Sat.
1317 2098 1345 2138 I.
1379 2094 1444 2139 10.
1474 2095 1532 2139 44
1562 2109 1626 2153 sq.

118 2154 233 2196 Molle
264 2165 380 2209 atque
405 2161 579 2211 facetum
605 2160 762 2212 Vergilio
796 2171 1021 2203 tumuerunt
1048 2166 1261 2215 yaudentes
1290 2180 1387 2208 rure
1421 2167 1626 2211 Camenae.

231 2224 374 2264 Venio
400 2227 495 2275 jam
526 2228 580 2267 ad
614 2240 689 2269 eas
721 2240 812 2278 reS,
850 2241 961 2282 quas
998 2243 1134 2283 quum
1167 2244 1220 2273 ex
1249 2238 1375 2285 parte
1406 2236 1452 2276 in
1480 2238 1623 2287 primo

118 2293 271 2343 capite,
301 2294 378 2332 ubi
410 2292 523 2346 quid
546 2307 569 2334 e
600 2297 691 2335 vita
723 2299 819 2347 ipsa
850 2300 903 2337 ab
937 2303 1126 2350 utroque
1156 2305 1289 2351 poeta
1311 2304 1623 2345 adumbratum

116 2364 257 2410 esset,
296 2362 600 2403 demonstrare
639 2369 826 2405 conatus
868 2377 986 2416 sum,
1031 2368 1227 2409 breviter
1265 2373 1512 2423 attigerim,
1550 2375 1622 2414 hic

115 2429 294 2470 uberius
326 2432 537 2481 tractabo,
569 2432 665 2472 dico
686 2433 1003 2475 vocabulorum
1033 2438 1325 2488 repetitiones
1354 2445 1399 2481 et
1430 2452 1622 2493 symme—

17 2534 29 2558 3
115 2498 244 2537 triam
285 2500 330 2540 in
370 2502 604 2554 utriusque
645 2503 913 2543 carminibus
955 2507 1252 2557 conspicuam.
1312 2511 1345 2549 E
1385 2516 1618 2564 repetitioni-

27 2568 37 2600 ἓν
115 2563 184 2605 bus
204 2567 447 2618 principem
468 2571 615 2611 locum
638 2583 690 2611 ea
721 2575 853 2621 tenet,
880 2584 994 2624 quae
1015 2575 1242 2617 invenitur
1259 2582 1363 2630 post
1387 2591 1618 2621 caesuram

112 2633 372 2685 bucolicam,
424 2639 477 2678 de
519 2651 607 2692 qua
646 2641 744 2692 ipsa
783 2633 896 2682 infra
939 2643 1115 2685 dicendi
1154 2646 1279 2687 locus
1320 2649 1413 2688 erit.
1474 2650 1617 2690 Locos

113 2703 336 2743 Theocriti
373 2716 549 2757 omnes,
598 2711 673 2761 qui
711 2711 798 2749 huc
837 2712 1082 2763 pertinent,
1124 2716 1304 2767 collegit
1342 2717 1616 2758 Fritzschius

110 2782 149 2821 p.
180 2768 248 2822 20,
278 2774 439 2826 quibus
470 2776 663 2819 addendi
696 2783 800 2819 sunt
828 2780 1087 2833 Vergiliani.
1138 2784 1303 2836 Aperte
1332 2785 1510 2827 iteratio
1544 2788 1617 2829 de—

109 2846 313 2892 prompta
333 2846 401 2883 est
422 2855 446 2883 e
467 2846 692 2888 Theocriti
709 2851 850 2899 primo
871 2852 1021 2901 idyllio
1043 2855 1088 2892 in
1108 2856 1356 2904 posteriore
1376 2857 1615 2907 ephymnio
