1911 3215
897 69 954 113 72

174 189 406 228 Zetzschio
443 199 589 239 neque
632 200 657 227 a
698 199 923 238 quoquam
973 186 1214 225 indicatam
1263 186 1404 225 video.
1463 188 1682 229 Nimirum

174 259 243 297 est
274 257 349 297 illa
377 257 424 297 in
458 268 510 297 eo
541 258 700 308 posita,
733 255 850 308 quod
884 255 961 296 ecl.
992 255 1061 296 ΙΙΙ.
1082 266 1120 294 v.
1148 249 1206 295 60
1233 265 1296 307 sq.
1328 255 1474 306 magis
1505 255 1683 297 initium

170 327 590 366 Phaenomenorum
641 326 765 365 Arati
817 336 951 376 quam
1000 325 1226 365 Theocriti
1275 325 1331 365 id.
1367 325 1419 364 V.
1454 336 1493 365 v,
1530 320 1597 365 80.
1628 320 1696 366 81,

174 396 410 447 expressit,
442 407 578 448 quare
609 394 702 434 fieri
735 406 825 434 non
856 397 1052 445 poterat,
1086 394 1191 446 quin
1222 404 1309 434 vss.
1339 389 1397 434 62
1428 397 1472 434 et
1501 389 1577 447 63,
1610 396 1681 447 qui

174 465 426 504 adumbrati
468 468 572 504 sunt
614 474 666 502 ex
708 463 761 501 id.
794 463 844 503 V.
878 475 914 502 v.
946 458 1012 503 82.
1045 458 1121 511 83,
1172 462 1320 502 minus
1359 474 1460 503 cum
1499 464 1684 515 stropha

172 537 487 584 congruerent,
519 537 562 572 et
594 532 713 583 quod
746 532 822 572 ecl.
854 532 946 571 VII.
980 544 1015 571 v.
1047 528 1104 572 45
1136 543 1229 584 sqq.
1262 544 1315 572 ex
1344 533 1399 572 id.
1420 533 1531 573 VIII.
1562 544 1600 573 v.
1626 529 1683 572 37

174 613 277 654 sqq.,
309 614 346 642 v.
376 597 433 640 49
465 612 557 653 sqq.
590 612 642 640 ex
672 601 727 640 id.
747 601 815 640 IX.
848 612 885 640 v.
920 596 973 639 15
1005 611 1097 653 sqq.
1130 605 1175 640 et
1205 601 1260 642 id.
1292 602 1360 641 XI.
1390 613 1428 642 v.
1454 597 1507 640 51
1540 604 1683 641 trans-

172 672 251 710 lati
283 674 397 718 sunt,
430 671 547 722 quod
582 674 625 709 et
655 671 802 720 ipsum
835 672 879 708 in
913 681 1047 709 causa
1078 670 1171 717 fuit,
1204 683 1282 709 cur
1308 672 1453 710 minor
1473 672 1560 711 h.1.
1582 682 1683 710 con-

174 739 364 779 cinnitas
397 750 529 791 quam
561 749 674 790 quae
707 738 805 777 aliis
836 739 945 778 locis
977 738 1195 789 reperitur
1225 737 1339 777 effici
1375 743 1540 789 posset.
1601 740 1681 780 De-

171 808 490 859 prehendimus
522 809 661 857 igitur
690 808 735 845 in
766 808 836 846 his
875 808 1080 846 versibus
1123 808 1361 846 imitatoris
1392 808 1548 846 vitium
1581 819 1681 846 cum

173 889 225 917 eo
242 880 495 928 cognatum,
511 877 563 916 de
583 888 669 928 quo
686 877 730 916 in
746 877 833 916 fine
851 876 982 927 primi
1000 876 1158 927 capitis
1172 872 1307 928 (p.15)
1324 877 1679 917 commemoravi.

173 946 302 995 Quod
333 956 438 984 vero
471 946 556 984 hoc
586 945 694 984 vitio
728 945 986 985 Zetzschius
1017 958 1056 995 p.
1090 941 1144 984 10
1176 948 1220 984 et
1248 958 1288 995 p.
1307 941 1362 984 23
1385 956 1447 997 sq.
1479 946 1541 985 ita
1571 956 1681 985 usus

173 1017 261 1061 est,
312 1017 360 1053 ut
410 1014 513 1052 inde
565 1013 871 1052 demonstrare
914 1013 1136 1061 studeret,
1189 1013 1326 1052 etiam
1366 1013 1421 1054 id.
1451 1014 1563 1054 VIII.
1594 1024 1681 1054 vss.

171 1078 379 1122 49—56
428 1084 636 1133 strophae
679 1087 723 1122 et
762 1083 1066 1133 antistrophae
1106 1083 1437 1122 necessitudine
1470 1083 1682 1134 conjungi

170 1161 317 1203 posse,
349 1161 448 1190 meo
481 1151 660 1203 quidem
685 1151 856 1200 judicio
889 1162 915 1190 a
945 1162 1050 1190 vera
1080 1151 1153 1190 via
1190 1150 1422 1191 aberravit.
1484 1150 1680 1191 Tertiam

173 1222 363 1273 denique
395 1222 559 1271 legem,
614 1234 747 1272 quam
788 1233 840 1259 ex
872 1222 1095 1260 Theocriti
1135 1222 1286 1271 idyllio
1319 1222 1472 1272 quinto
1504 1221 1680 1270 prodire

173 1300 307 1341 supra
328 1289 531 1328 evincere
549 1294 735 1328 conatus
755 1299 864 1336 sum,
886 1300 912 1328 a
930 1288 1128 1340 Vergilio
1150 1300 1241 1329 non
1262 1289 1545 1329 observatam
1567 1297 1680 1335 esse,

171 1361 214 1396 et
234 1358 500 1407 interpretes
527 1358 820 1396 ostenderunt
850 1361 894 1396 et
924 1358 1127 1407 exposuit
1162 1358 1399 1408 diligenter
1420 1357 1677 1397 Zetzschius

171 1439 210 1478 p.
244 1423 308 1465 14.
368 1426 516 1475 Hujus
557 1426 846 1476 disputationi
885 1438 938 1464 ea
977 1430 1151 1465 tantum
1195 1426 1357 1465 addere
1396 1426 1587 1473 decrevi,
1633 1426 1679 1465 in

172 1496 334 1548 quibus
368 1494 723 1535 dissentiendum
755 1495 865 1533 mihi
886 1494 1062 1534 videtur
1084 1506 1110 1533 a
1131 1494 1211 1534 viri
1235 1495 1481 1534 doctissimi
1498 1495 1678 1543 judicio.

168 1565 366 1604 Primum
399 1564 518 1603 enim
550 1564 595 1602 in
628 1575 680 1602 eo
714 1565 886 1611 erravit,
921 1564 1040 1616 quod
1062 1565 1106 1603 in
1129 1565 1206 1604 ecl.
1229 1565 1298 1605 III.
1320 1571 1499 1615 propter
1523 1574 1679 1603 versus

168 1628 350 1672 32--34,
383 1627 564 1671 94-95,
596 1626 777 1672 98—99.
812 1632 1064 1672 Menalcam
1097 1643 1252 1684 capras
1285 1636 1328 1672 et
1358 1642 1465 1672 oves
1496 1643 1680 1683 pascere

167 1701 403 1740 contendit.
462 1701 575 1739 Nam
608 1700 766 1738 unicus
798 1700 942 1747 locus,
996 1701 1113 1739 unde
1145 1701 1199 1740 de
1232 1712 1285 1740 ea
1315 1712 1362 1740 re
1394 1701 1561 1752 aliquid
1594 1701 1679 1740 col-

165 1769 307 1819 ligere
337 1769 488 1815 liceat,
540 1772 643 1808 sunt
674 1778 762 1808 vss.
792 1765 999 1816 32-34,
1049 1770 1093 1808 in
1127 1770 1287 1821 quibus
1320 1780 1421 1808 eum
1454 1768 1679 1819 caparium

165 1839 275 1889 fingi
325 1838 540 1877 videmus.
600 1838 772 1876 Versus
809 1833 876 1877 94.
907 1833 974 1877 95.
1006 1832 1072 1877 98.
1104 1834 1161 1877 99
1198 1849 1287 1877 non
1328 1838 1473 1877 solum
1516 1837 1678 1877 idcirco

168 1918 221 1946 ex
252 1906 514 1958 quaestione
547 1906 769 1944 eximendi
801 1909 917 1952 sunt,
949 1906 1053 1957 quia
1084 1906 1140 1945 ad
1172 1910 1353 1946 cantum
1383 1907 1678 1946 amoebaeum

165 1975 406 2027 pertinent,
438 1974 482 2014 in
516 1985 602 2027 quo
634 1978 838 2026 pastores
870 1975 1057 2015 aliorum
1087 1985 1303 2027 personas
1343 1975 1545 2016 induisse
1584 1976 1680 2028 ipse

168 2045 341 2090 statuit,
374 2044 453 2082 sed
485 2045 619 2083 etiam
651 2048 885 2094 propterea
916 2044 1027 2083 nihil
1056 2045 1264 2094 probant,
1298 2045 1426 2096 quod,
1458 2045 1532 2095 qui
1552 2045 1681 2093 juxta

169 2111 371 2150 collocati
403 2114 508 2149 sunt
537 2120 696 2150 versus
727 2107 795 2150 92.
826 2107 893 2150 93.
920 2106 987 2151 96.
1014 2107 1081 2161 97,
1113 2115 1159 2151 et
1189 2112 1275 2163 ipsi
1304 2112 1395 2151 ficti
1425 2112 1679 2164 argumenti

170 2185 274 2220 sunt
305 2180 506 2230 adeoque
536 2191 574 2218 v,
603 2175 660 2218 98
690 2191 753 2231 sq.
793 2180 1023 2219 Menalcas
1055 2192 1144 2220 non
1177 2182 1424 2231 simplicem
1454 2187 1678 2232 pastorem

166 2247 281 2297 agit,
314 2247 392 2286 sed
422 2249 570 2299 pecoris
600 2249 852 2299 mayiscrum,
905 2248 1033 2296 quus
1066 2248 1251 2299 imperio
1284 2249 1402 2288 servi
1429 2249 1679 2288 humilioris

167 2316 334 2355 ordinis
368 2316 532 2355 subditi
565 2320 701 2355 erant.
763 2317 935 2355 Deinde
968 2317 1323 2356 animadvertere
1355 2318 1469 2365 licet,
1500 2322 1678 2368 poetam

165 2385 211 2423 in
263 2385 419 2423 eadem
473 2384 629 2435 ecloga
678 2385 827 2436 legem
869 2397 895 2425 a
932 2386 1169 2425 Theocrito
1210 2387 1492 2425 observatam
1532 2386 1677 2437 magis

165 2465 300 2506 quam
332 2452 377 2492 in
411 2454 600 2503 septima
632 2458 871 2504 spectasse.
930 2455 1043 2494 Nam
1082 2455 1120 2493 si
1151 2458 1270 2493 recte
1301 2455 1347 2493 in
1380 2454 1575 2495 secundo
1610 2467 1678 2495 ca-

163 2523 253 2573 pite
267 2518 403 2573 (p.21)
414 2521 647 2572 disputavi,
663 2523 911 2573 Phyllidem
926 2523 1122 2574 puellam
1139 2533 1239 2562 esse
1258 2534 1283 2562 a
1297 2526 1430 2573 poeta
1445 2523 1541 2574 ipso
1556 2536 1675 2565 ama-

162 2594 275 2639 tam,
325 2591 371 2630 in
422 2590 651 2630 amoribus
699 2595 817 2631 certe
862 2592 1013 2631 omnia
1055 2592 1100 2631 in
1141 2591 1225 2631 hoc
1257 2592 1450 2632 carmine
1482 2594 1598 2634 inter
1629 2604 1677 2634 se

165 2660 421 2710 conspirare
453 2660 673 2699 videntur.
732 2660 937 2711 Exceptis
969 2661 1088 2700 enim
1129 2670 1216 2701 vss.
1248 2656 1419 2702 76--79
1450 2667 1495 2703 et
1524 2675 1562 2704 v.
1594 2659 1677 2703 107

162 2729 394 2769 Menalcas
428 2739 607 2781 semper
638 2729 881 2779 Amyntam
913 2733 1233 2770 commemorat
1264 2729 1331 2779 (cf.
1353 2744 1391 2772 v.
1412 2727 1479 2773 66.
1501 2728 1568 2772 74.
1588 2727 1674 2780 83),

161 2798 404 2839 Damoetas
438 2799 673 2839 Galateam
707 2796 774 2847 (cf.
806 2810 844 2838 v,
875 2794 932 2838 64
971 2802 1016 2838 et
1044 2794 1129 2847 72).
1190 2800 1318 2850 Quod
1358 2804 1509 2842 autem
1548 2812 1673 2852 prae-
