1911 3215
909 99 965 144 52

190 219 382 259 siticium
423 217 608 266 omitto).
659 214 724 257 24.
754 212 820 255 25.
851 212 917 255 27.
946 211 1014 254 36.
1045 210 1112 255 38.
1140 211 1209 255 45.
1238 211 1306 255 47.
1335 210 1403 255 48.
1433 210 1501 256 58.
1529 211 1597 257 60.
1627 212 1694 264 71,

190 298 459 339 quamquam
490 287 576 327 alio
617 290 815 335 tempore
846 283 1153 324 demonstrare
1185 284 1396 333 studebo,
1436 287 1617 335 poetam
1646 285 1693 325 in

189 354 458 395 adornandis
489 354 713 395 nonnullis
745 352 927 403 eclogae
963 352 1164 404 partibus
1204 353 1351 403 magis
1393 364 1528 405 quam
1565 355 1693 403 puta-

185 427 280 463 tum
312 426 382 463 est
412 423 612 474 idyllium
641 421 722 461 VII
752 424 856 461 ante
889 421 1040 462 oculos
1071 421 1296 462 habuisse.
1336 420 1417 463 Ecl.
1438 420 1504 462 IV.
1526 416 1593 463 20.
1623 417 1690 462 34.

185 488 252 532 35.
282 488 351 533 39.
378 489 446 532 41.
476 488 552 539 49,
602 490 686 530 etsi
726 501 764 529 V.
794 485 851 529 49
893 491 1005 531 tales
1046 490 1270 531 Theocriti
1307 501 1485 540 versus,
1536 491 1691 544 quales

188 565 292 602 sunt
321 562 350 602 Ι.
380 556 446 601 38.
476 560 566 599 VII.
596 554 664 607 48,
695 559 955 599 meminisse
985 562 1183 610 poterat3
1224 572 1262 601 v.
1292 555 1350 599 34
1387 571 1491 600 eum
1522 560 1692 601 similes

187 631 378 669 auctoris
398 638 554 668 versus
576 628 793 668 memoria
822 628 1035 675 tenuisse,
1067 640 1121 667 ex
1149 629 1215 677 iis,
1247 639 1361 680 quae
1382 628 1437 668 de
1461 627 1691 668 vocabulis

184 700 285 748 post
317 706 548 736 caesuram
589 695 837 746 legitimam
867 696 1069 746 repetitis
1107 696 1349 746 disputavi,
1391 697 1690 738 certissimum

186 770 264 806 est.
326 764 405 805 Ecl.
438 764 506 803 VI.
546 760 583 803 3.
615 760 652 803 7.
700 759 737 804 9.
768 760 833 803 21.
881 760 947 804 23.
978 759 1044 804 35.
1091 760 1159 806 49.
1190 760 1255 805 55.
1303 760 1373 806 58.
1399 761 1466 806 65.
1510 761 1577 806 71.
1622 759 1689 805 75.

185 834 297 874 Sunt
337 833 383 872 hi
424 843 607 888 numero
647 832 836 871 XXXIV.
897 833 1052 883 Itaque
1092 833 1288 883 exceptis
1332 833 1446 873 Galli
1485 834 1690 874 versibus

183 902 399 941 habemus
440 900 665 939 bucolicos
702 899 890 950 Vergilii
922 899 1189 949 COXXXIV,
1230 912 1254 941 e
1286 912 1475 953 quorum
1504 911 1691 942 numero

182 982 272 1009 non
303 981 439 1020 aegre
469 968 562 1008 fero
591 969 628 1008 si
661 969 796 1008 etiam
828 969 903 1008 ecl.
926 964 1083 1009 111.38.
1115 970 1167 1010 V.
1186 967 1241 1009 42
1275 970 1518 1019 ejiciendos
1546 973 1689 1020 putes,

184 1041 228 1078 et
257 1037 393 1077 habet
423 1037 601 1089 quidem
635 1037 791 1088 ecloga
819 1037 964 1087 prima
994 1037 1048 1077 de
1079 1038 1283 1079 versibus
1313 1038 1528 1078 LXXXIII
1557 1037 1690 1078 buco-

181 1107 291 1145 licos
323 1106 480 1152 XVIII,
531 1106 727 1144 secunda
768 1106 823 1144 de
872 1106 1076 1145 versibus
1114 1107 1288 1146 LXXIII
1337 1107 1562 1146 bucolicos
1601 1107 1689 1153 XX,

181 1172 313 1213 tertia
330 1172 384 1212 de
408 1172 498 1212 CXI
520 1171 744 1211 bucolicos
765 1172 967 1212 XXXVII
986 1172 1057 1212 vel
1077 1173 1268 1223 XXXVI,
1300 1177 1456 1226 quarta
1477 1174 1531 1214 de
1553 1173 1688 1214 LXIII

180 1242 404 1284 bucolicos
454 1242 574 1289 VIII,
631 1241 786 1293 quinta
835 1241 890 1280 de
939 1242 1012 1281 XC
1062 1242 1288 1283 bucolicos
1336 1244 1434 1283 XXI
1482 1243 1553 1283 vel
1602 1244 1688 1291 XX,

181 1314 306 1352 sexta
338 1311 391 1350 de
423 1310 638 1349 LXXXVI
675 1310 900 1350 bucolicos
930 1311 1051 1359 XVI,
1093 1315 1284 1362 septima
1324 1312 1379 1350 de
1409 1311 1524 1350 LXX
1553 1311 1687 1351 buco-

179 1381 288 1419 licos
332 1379 512 1426 XXVII,
559 1381 716 1417 octava
766 1379 821 1418 de
872 1379 1039 1419 CLXIX
1088 1379 1314 1419 bucolicos
1359 1379 1514 1428 XLIV,
1567 1390 1686 1419 nona

179 1448 234 1488 de
273 1448 432 1487 LXVII
470 1446 697 1486 bucolicos
734 1447 932 1494 XXVIII,
978 1447 1151 1487 decima
1190 1447 1244 1487 de
1284 1448 1481 1487 LXXVII
1519 1447 1686 1487 bucoli-

180 1527 256 1556 cos
306 1516 427 1554 XVII
476 1516 547 1554 vel
578 1516 667 1553 XV.
737 1515 865 1564 Quod
916 1516 960 1553 in
1012 1516 1168 1566 ecloga
1219 1519 1376 1567 quarta
1425 1520 1516 1555 tam
1555 1516 1686 1567 pauci

176 1596 333 1625 versus
364 1584 494 1623 metri
526 1583 713 1623 bucolici
742 1584 1031 1634 reperiuntur,
1063 1584 1331 1624 documento
1354 1588 1433 1633 est,
1464 1596 1536 1624 me
1567 1588 1686 1625 recte

177 1655 450 1704 disputasse,
481 1656 658 1703 poetam
691 1656 786 1691 turn
816 1653 1026 1700 maxime,
1066 1664 1202 1705 quum
1233 1653 1456 1693 Theocriti
1486 1653 1557 1692 vel
1587 1653 1687 1692 reli-

177 1736 364 1776 quorum
395 1734 552 1762 versus
585 1726 817 1772 spectaret,
847 1724 932 1762 hoc
962 1728 1105 1762 metro
1137 1736 1268 1763 usum
1300 1734 1412 1763 esse.
1449 1724 1497 1762 In
1530 1723 1687 1773 ecloga

177 1795 304 1834 sexta
333 1791 465 1843 paulo
496 1791 646 1842 plures
679 1802 732 1832 ea
772 1790 944 1831 ratione
976 1790 1287 1839 conformavit,
1327 1791 1372 1831 in
1405 1790 1566 1843 quibus
1597 1801 1685 1831 non

176 1862 426 1902 aemulatus
470 1864 539 1900 est
583 1864 762 1911 poetam
795 1861 1146 1911 Syracusanum,
1187 1861 1291 1913 quia
1330 1864 1565 1911 poetarum
1597 1860 1686 1910 epi-

176 1942 328 1971 corum
360 1942 483 1970 more
505 1930 637 1970 tertia
668 1931 751 1970 hac
783 1940 970 1971 caesura
1001 1931 1190 1971 orationi
1211 1931 1302 1970 vim
1335 1934 1380 1970 et
1410 1929 1685 1970 alacritatem

176 2000 371 2039 tribuere
420 1999 570 2038 voluit.
632 1998 691 2039 Cf.
732 2011 769 2038 v,
801 1995 855 2037 55
896 2002 941 2038 et
977 1994 1035 2038 48
1065 1999 1160 2038 coll.
1192 1999 1269 2039 ecl.
1300 1999 1419 2046 VIII,
1449 1993 1609 2036 7—-13
1641 2000 1687 2036 et

176 2069 417 2108 Hermann.
448 2067 584 2107 Elem.
617 2068 751 2107 doctr.
783 2070 908 2107 metr.
939 2079 977 2118 p.
1007 2063 1103 2107 339.
1163 2067 1274 2117 Epit.
1304 2080 1343 2118 p.
1377 2062 1460 2107 120
1491 2067 1556 2106 ed.
1587 2067 1636 2106 II.

289 2136 354 2174 Ne
385 2139 535 2174 tamen
566 2135 711 2174 fructu
742 2146 822 2175 suo
855 2138 1004 2174 careat
1034 2136 1145 2174 haec
1177 2135 1428 2185 disputatio,
1463 2146 1516 2175 ea
1547 2136 1682 2174 etiam

176 2205 240 2244 rei
290 2204 466 2244 criticae
518 2206 810 2243 succurratur.
878 2203 1262 2252 Quemadmodum
1315 2204 1433 2243 enirn
1484 2203 1560 2243 ecl.
1593 2204 1683 2242 VII.

175 2285 213 2313 v.
248 2270 319 2321 14,
366 2273 439 2311 ubi
481 2273 729 2323 Wagnerus
777 2283 800 2311 e
841 2271 1093 2322 fragmento
1130 2272 1293 2312 Moreti
1336 2284 1458 2325 neque
1497 2271 1684 2321 scripsit,

176 2342 252 2381 ecl.
272 2342 340 2381 IX.
361 2337 398 2389 6,
430 2341 505 2381 ubi
537 2341 653 2381 idem
686 2345 787 2392 post
808 2341 1020 2381 Vossium
1053 2352 1105 2381 ex
1137 2341 1316 2392 optimis
1348 2340 1573 2381 codicibus
1604 2350 1683 2390 pro

172 2423 242 2451 nec
273 2410 363 2450 bene
393 2417 521 2450 vertat
551 2410 749 2461 reposuit
778 2423 845 2450 nec
877 2417 1006 2451 vertat
1039 2410 1145 2459 bene,
1182 2410 1349 2463 aliquid
1380 2413 1499 2450 certe
1530 2419 1683 2449 caesu-

173 2491 249 2519 rae
281 2479 509 2520 bucolicae
540 2480 825 2519 tribuendum
857 2484 961 2527 erat,
993 2481 1055 2519 ita
1087 2480 1163 2519 ecl.
1185 2481 1255 2519 IX.
1284 2490 1323 2518 v.
1345 2474 1412 2526 35,
1445 2479 1518 2529 qui
1549 2479 1682 2518 inter-

166 2548 314 2596 jectus
347 2550 417 2587 est
447 2546 589 2586 tribus
622 2547 821 2588 versibus
856 2547 1087 2595 bucolicis,
1130 2546 1394 2598 quibuscum
1435 2550 1479 2587 et
1519 2546 1614 2599 ipse
1655 2557 1682 2586 a

173 2618 408 2657 Theocrito
442 2618 730 2667 depromptus
763 2622 850 2664 est,
892 2619 1049 2657 eadem
1082 2627 1268 2656 caesura
1299 2617 1531 2656 donandus
1561 2616 1681 2655 vide—

172 2686 253 2724 tur.
313 2683 655 2725 Restituendum
687 2683 894 2723 videlicet
922 2697 1044 2738 neque
1082 2694 1162 2735 pro
1202 2696 1268 2724 nec
1300 2684 1524 2733 existimo,
1564 2683 1682 2736 quod

173 2764 225 2792 ex
266 2765 353 2793 uno
395 2754 544 2794 codice
586 2754 820 2793 Moretano
862 2754 977 2803 apud
1020 2754 1289 2803 Wagnerum
1330 2758 1561 2794 enotatum
1602 2756 1681 2806 est.

170 2821 284 2863 Nam
316 2823 399 2863 etsi
430 2823 667 2874 diligenter
698 2822 923 2872 disputata
954 2825 1069 2870 sunt,
1102 2833 1216 2874 quae
1247 2822 1355 2864 dixit
1383 2823 1452 2862 vir
1482 2822 1684 2863 doctissi-
