1911 3215
935 125 991 168 12

213 242 294 282 tibi
330 244 606 284 revocaveris
648 244 792 283 locum
824 241 1084 292 Quintiliani
1124 251 1259 291 supra
1299 241 1530 281 laudatum
1570 253 1716 295 neque

214 312 298 351 hoc
328 312 590 363 neglexeris,
623 312 796 364 quoda
827 310 977 350 multis
1008 309 1177 360 passim
1211 311 1612 350 commemoratum
1638 314 1717 360 est,

213 380 434 420 uberrime
466 382 713 432 expositum
744 392 769 419 a
794 379 990 430 Spohnio
1022 379 1067 418 in
1086 379 1435 430 Prolegomenis,
1465 378 1716 429 Vergilium

210 449 510 499 potentiorum
571 450 760 500 gratiam
818 449 888 489 his
950 448 1118 499 eclogis
1180 448 1408 500 acquirere
1478 447 1716 488 studuisse.

212 518 512 567 Quamobrem
543 518 776 568 diligenter
807 517 957 556 omnia
987 516 1171 556 vitanda
1202 519 1348 565 erant,
1393 516 1554 568 quibus
1585 526 1716 555 aures

214 598 367 626 eorum
399 587 691 638 qualicunque
723 584 855 624 modo
888 584 1114 624 offendere
1151 588 1335 636 poterat.
1398 585 1524 635 Quod
1563 584 1716 637 quanti

214 655 426 694 momenti
477 654 553 699 sit,
603 653 673 692 vel
723 653 824 692 inde
875 653 1037 702 elucet,
1088 653 1205 705 quod
1255 653 1310 694 id.
1355 654 1403 693 Χ.
1444 665 1481 694 V.
1512 649 1569 693 44
1610 663 1715 706 sqq„

213 724 413 775 quamvis
455 723 582 769 alias,
630 734 742 773 quae
785 722 948 760 similia
997 722 1114 772 apud
1164 722 1401 772 populares
1448 722 1716 772 inveniebat,

213 792 368 841 cupide
401 792 628 840 arriperet,
679 790 840 828 imitari
884 789 1034 828 noluit.
1095 789 1237 827 Tanto
1279 789 1425 840 magis
1466 801 1520 829 ea
1560 794 1716 831 notatu

212 859 345 909 digna
376 863 488 905 sunt,
521 859 564 896 in
597 858 756 909 quibus
788 857 981 907 vestigia
1012 856 1233 908 quaedam
1266 857 1469 908 quamvis
1487 857 1716 898 levissima

210 927 356 977 poesis
388 927 611 976 popularis
643 926 936 976 reperiuntur.
993 926 1138 964 Unum
1169 925 1234 964 rei
1263 925 1395 977 idque
1427 925 1714 967 manifestum

212 996 459 1046 exemplum
491 995 673 1045 praebet
703 996 779 1033 ecl.
812 995 924 1034 VIII.
955 989 1021 1033 80.
1081 995 1258 1042 „Limus
1288 997 1336 1034 ut
1366 994 1437 1034 hic
1469 993 1639 1035 durescit
1671 998 1717 1035 et

210 1063 320 1103 haec
346 1068 392 1103 ut
414 1076 513 1104 cera
534 1062 745 1115 liquesco't“‚
780 1076 910 1115 quem
932 1076 968 1101 v.
992 1063 1155 1102 factum
1179 1073 1278 1102 esse
1299 1063 1355 1103 ad
1377 1063 1714 1104 similitudinem

211 1133 453 1181 carminum
492 1134 765 1182 magicorum
806 1137 981 1182 praeter
1021 1144 1092 1180 ea,
1144 1143 1257 1184 quae
1290 1132 1480 1171 Vossius
1520 1132 1565 1172 in
1606 1135 1713 1173 nota

208 1202 397 1251 protulit,
430 1203 617 1241 dilucide
643 1202 836 1241 ostendit
856 1213 1013 1241 versus
1037 1203 1215 1252 quidam
1239 1203 1442 1240 servatus
1465 1212 1491 1240 a
1512 1200 1712 1242 Varrone

209 1270 255 1309 R.
286 1271 331 1308 R.
364 1271 390 1309 I.
421 1266 457 1307 2.
488 1266 552 1309 27.
611 1271 769 1317 „Terra
810 1274 984 1320 pestem
1027 1273 1182 1317 teneto,
1230 1270 1350 1309 salus
1392 1269 1463 1308 hic
1505 1267 1711 1312 maneto“.

208 1339 296 1377 Nec
327 1338 510 1376 recessit
539 1342 670 1388 poeta
706 1351 732 1376 a
769 1339 1034 1377 rusticorum
1065 1339 1367 1377 Romanorum
1408 1347 1493 1377 usu
1533 1338 1578 1377 in
1620 1350 1711 1378 car-

210 1406 401 1444 minibus
433 1406 708 1453 amoebaeis‚
747 1407 791 1444 in
824 1407 1004 1457 quibus,
1045 1410 1094 1445 ut
1125 1406 1300 1445 silentio
1331 1408 1608 1456 praeteream
1642 1417 1711 1446 so-

208 1475 353 1514 lemne
385 1475 654 1514 alternorum
686 1485 897 1514 versuum
930 1486 1096 1514 nomen
1130 1474 1225 1523 (ecl.
1261 1475 1329 1515 III.
1351 1470 1417 1514 59.
1455 1474 1505 1514 V.
1528 1470 1592 1515 14.
1630 1475 1710 1514 VII

212 1538 265 1581 18
297 1541 396 1593 sq.)‚
446 1555 589 1594 neque
637 1544 960 1590 cavillationes,
1013 1553 1122 1593 quas
1173 1542 1313 1581 habes
1355 1543 1431 1581 ecl.
1462 1542 1530 1581 111.
1560 1538 1617 1581 90
1648 1552 1709 1594 sq.

208 1606 373 1649 V11.·25
404 1619 506 1661 sqq„
538 1623 562 1649 a
594 1611 758 1649 rustica
788 1612 1087 1649 Romanorum
1119 1610 1298 1650 licentia
1327 1610 1499 1650 alienae
1532 1614 1636 1650 sunt
1667 1614 1711 1650 et

209 1678 295 1718 duo
326 1680 579 1729 aenigmata
611 1680 686 1720 ecl.
709 1681 776 1719 ΙΙΙ.
801 1676 883 1719 104
905 1691 998 1732 sqq.
1027 1680 1199 1731 prolata
1229 1680 1392 1731 illaque
1420 1680 1514 1720 sive
1530 1680 1710 1728 jocatio,

208 1750 255 1786 ut
286 1748 404 1795 mihi,
437 1749 529 1787 sive
562 1748 716 1796 irrisio,
749 1751 797 1787 ut
827 1748 925 1788 aliis
955 1748 1139 1797 videtur,
1171 1759 1284 1800 quae
1315 1748 1539 1788 invenitur
1558 1748 1626 1789 ΙΙΙ.
1652 1744 1708 1788 76

208 1828 310 1868 sqq„
340 1818 550 1868 populare
573 1818 781 1869 quiddam
804 1818 1031 1857 continere
1053 1817 1268 1858 videntur.
1320 1818 1418 1858 Huc
1440 1818 1575 1857 etiam
1597 1817 1708 1857 refe-

206 1886 370 1924 rendus
412 1886 584 1925 videtur
627 1887 803 1925 liberior
848 1890 891 1925 et
938 1887 1122 1927 solutior
1165 1887 1316 1937 legum
1364 1886 1706 1926 amoebaearum

207 1964 334 2000 usus,
380 1955 424 1993 in
457 1966 541 2006 quo
573 1954 714 1993 sicubi
752 1955 937 1995 recessit
976 1966 1002 1994 a
1042 1954 1293 2002 Theocrito,
1340 1966 1443 1995 eum
1484 1966 1538 1993 ex
1582 1958 1707 2004 parte

205 2023 469 2061 rusticorum
508 2025 807 2062 Romanorum
849 2024 1045 2062 carmina
1090 2026 1319 2072 spectasse
1368 2025 1485 2072 puto.
1559 2022 1707 2061 Verbo

207 2089 396 2141 denique
448 2090 835 2130 commemoranda
885 2094 953 2131 est
1001 2092 1176 2131 fistulae
1227 2091 1449 2131 inflandae
1510 2090 1706 2131 scientia.

206 2158 332 2197 Hanc
363 2170 389 2197 a
428 2159 625 2210 Vergilio
670 2171 758 2200 non
804 2159 996 2200 affictam
1042 2161 1295 2211 pastoribus
1335 2161 1547 2201 Romanis
1594 2171 1707 2209 esse,

206 2227 284 2266 sed
315 2238 469 2267 revera
507 2228 560 2268 iis
600 2228 758 2276 fuisse,
801 2232 1019 2269 testantur
1056 2230 1205 2269 variae
1247 2231 1379 2279 hujus
1422 2230 1705 2270 instrumenti

205 2296 531 2346 appellationes,
565 2309 674 2349 quas
708 2299 935 2349 congessit
964 2299 1229 2350 Ladewigus
1259 2299 1394 2349 praef.
1415 2312 1454 2349 p.
1475 2287 1566 2346 XV,
1598 2309 1704 2349 quo-

205 2374 304 2403 cum
334 2364 383 2404 cf.
415 2376 527 2416 quae
559 2366 734 2416 scripsit
764 2367 1000 2407 Lerschius
1031 2367 1132 2408 Ant.
1163 2381 1201 2418 p.
1227 2363 1323 2407 256.
1383 2367 1499 2416 Quid
1530 2367 1576 2405 in
1607 2367 1703 2415 ejus

204 2431 497 2483 descriptione
528 2433 581 2472 ab
614 2437 793 2475 auctore
835 2445 915 2476 suo
960 2439 1189 2476 mutuatus
1237 2436 1310 2482 sit,
1359 2434 1549 2486 singulis
1594 2434 1703 2473 locis

203 2500 536 2551 demonstrab0;
569 2513 655 2542 non
678 2508 1072 2544 commemoratum
1095 2508 1189 2543 erat
1211 2516 1236 2543 a
1258 2503 1504 2550 Theocrito,
1534 2504 1700 2542 Panem

201 2570 391 2619 plurium
423 2581 662 2610 cannarum
693 2571 886 2611 fistulam
917 2573 1155 2620 invenisse,
1187 2572 1305 2624 quod
1326 2572 1519 2623 legimus
1553 2573 1628 2613 ecl.
1650 2574 1699 2613 11.

200 2634 255 2677 32
287 2650 359 2690 sq„
391 2639 465 2678 ubi
496 2639 596 2678 vide
628 2651 741 2690 quae
761 2641 949 2682 Vossius
980 2643 1101 2690 dixit,
1132 2645 1177 2681 et
1199 2642 1309 2681 VIII.
1338 2637 1403 2682 24.
1454 2643 1578 2682 Haec
1608 2641 1700 2682 fere

203 2717 256 2744 ea
286 2718 385 2746 esse
416 2707 640 2756 videntur,
682 2719 795 2760 quae
827 2720 850 2750 e
878 2711 969 2751 vita
999 2712 1098 2762 ipsa
1128 2723 1154 2751 a
1184 2714 1316 2762 poeta
1355 2715 1533 2763 sumpta
1574 2713 1700 2759 sunt,

203 2775 246 2815 in
278 2777 458 2828 reliquis
491 2778 607 2817 enim
641 2778 751 2818 adeo
782 2782 983 2828 pastores
1014 2782 1239 2820 Romanos
1272 2781 1438 2831 sprevit
1469 2784 1513 2819 et
1553 2789 1701 2830 asper-

202 2848 332 2884 natus
365 2849 451 2893 est,
496 2850 544 2885 ut
580 2857 667 2886 non
715 2847 858 2887 solum
905 2859 1084 2888 scenam
1131 2848 1385 2901 eclogarum
1430 2850 1475 2889 in
1508 2847 1701 2888 Graecas
