1911 3215
923 177 952 220 8

177 297 254 337 ecl.
285 297 378 337 VII.
407 292 463 336 45
497 295 564 344 (cf.
595 297 777 335 Theocr.
808 295 858 334 V.
890 289 946 333 50
976 304 1039 345 sq.
1075 294 1167 334 XV.
1200 290 1282 334 125
1314 297 1358 334 et
1387 294 1552 338 Ameis.
1585 310 1681 339 ann.

177 366 283 417 phil.
315 370 359 405 et
387 366 512 416 paed.
546 360 665 405 1845.
695 360 761 404 45.
791 360 828 403 2.
869 376 908 414 p.
941 359 1051 411 135).
1112 364 1181 403 III.
1216 359 1299 403 102
1330 363 1402 411 (id.
1433 364 1504 404 IV.
1525 362 1590 404 -15
1623 377 1684 418 sq.

182 435 276 475 coll.
309 446 374 486 ep.
405 434 476 475 VI.
507 430 532 473 5
556 444 617 486 sq.
649 434 702 473 id.
734 433 782 472 ΙΙ.
813 427 870 472 89
891 430 983 484 sq.).
1024 432 1115 473 VII.
1135 428 1190 472 43
1224 430 1295 480 (id.
1326 433 1415 473 XII.
1434 428 1500 481 2),
1533 444 1684 484 quam-

180 514 312 555 quam
342 503 388 541 in
419 503 489 542 his
521 503 691 541 duobus
722 501 831 540 locis
862 502 1010 550 potius
1049 501 1212 540 similia
1244 500 1413 540 Graeca
1452 502 1684 551 proverbia

183 570 401 611 similibus
422 570 632 610 Romanis
664 569 912 609 reddidisse
938 569 1122 608 videtur.
1163 569 1275 608 Item
1307 573 1523 621 spectavit
1544 570 1681 609 Theo-

185 640 343 679 critum
373 640 450 679 ecl.
481 639 590 678 VIII.
621 634 675 678 63
717 636 827 686 (coll.
859 638 914 678 id.
945 639 992 677 X.
1025 634 1119 686 25),
1160 638 1235 677 ubi
1275 640 1425 677 tamen
1467 638 1531 677 rei
1561 649 1684 677 acco-

186 709 409 747 modatius
441 698 554 755 erat,
605 707 719 758 quod
761 718 787 745 a
816 706 1004 754 Lucilio,
1055 709 1104 745 ut
1135 709 1290 745 auctor
1320 709 1389 745 est
1417 707 1685 754 Macrobius,

186 777 358 817 Saturn.
389 776 459 815 VI.
507 772 543 814 1.
592 770 646 813 35
696 775 760 814 ed.
793 776 910 822 Jan.‚
962 774 1268 825 depromptum
1321 774 1454 814 etiam
1500 774 1591 814 VII.
1628 770 1683 814 23

185 845 421 896 usurpavit.
482 845 514 884 E
548 844 737 892 Graeco,
768 855 856 883 non
889 844 942 883 ab
975 844 1071 894 ipso
1102 843 1302 894 Vergilio
1334 844 1550 883 translata
1581 847 1686 883 sunt

183 914 268 953 duo
310 914 561 963 proverbia,
614 924 725 964 quae
766 913 957 963 legimus
999 913 1075 952 ecl.
1113 913 1183 952 III.
1213 908 1289 959 91,
1329 912 1413 951 etsi
1449 912 1683 961 posteriori

185 981 328 1021 simile
360 983 447 1028 est,
489 981 605 1032 quod
637 980 859 1019 invenitur
888 980 943 1020 id.
974 981 1025 1020 V.
1054 976 1111 1020 26
1142 991 1204 1032 sq.
1263 980 1452 1030 Vergilii
1480 981 1684 1030 propriae

187 1052 291 1089 sunt
323 1060 402 1089 eae
443 1049 710 1097 sententiae,
752 1059 862 1101 quas
903 1050 1042 1089 habes
1083 1050 1159 1089 ecl.
1200 1050 1249 1090 ΙΙ.
1288 1044 1354 1088 65.
1407 1049 1455 1088 Χ.
1496 1044 1563 1088 69.
1621 1049 1686 1088 Ex

184 1131 236 1159 eo
275 1130 400 1166 vero,
454 1119 570 1170 quod
608 1122 739 1169 poeta
778 1119 1005 1159 Romanus
1047 1119 1179 1171 idque
1218 1119 1440 1159 Theocriti
1482 1118 1683 1169 exemplo

183 1190 411 1237 permotus
443 1188 688 1227 sententias
712 1191 755 1226 et
785 1188 1017 1238 proverbia
1038 1188 1217 1239 saepius
1248 1188 1293 1227 in
1315 1188 1494 1238 eclogas
1527 1187 1685 1235 intulit,

184 1255 384 1307 sequitur
418 1258 589 1307 primum
620 1255 796 1306 quidem
837 1255 994 1295 falsam
1027 1267 1127 1296 esse
1158 1256 1374 1296 Macrobii
1406 1255 1685 1303 sententiam,

185 1323 258 1373 qui
290 1322 460 1361 Saturn.
493 1322 542 1361 V.
573 1318 635 1362 16.
662 1318 689 1360 6
721 1333 781 1373 sq.
814 1322 879 1362 ed.
909 1324 1006 1362 Jan.
1039 1323 1316 1370 existimavit,
1349 1326 1397 1361 ut
1426 1323 1471 1361 in
1501 1323 1684 1374 reliquis

183 1390 391 1441 operibus
432 1390 494 1428 ita
526 1390 660 1429 etiam
699 1391 774 1430 ecl.
805 1391 916 1430 VIII.
947 1386 1013 1431 63.
1043 1392 1091 1431 Χ.
1121 1386 1187 1430 69.
1247 1391 1479 1431 Maronem
1511 1390 1556 1430 in
1585 1401 1684 1441 pro·

181 1451 376 1498 ferendis
424 1459 658 1497 sententiis
701 1460 945 1497 Homerum
993 1462 1195 1497 secutum
1240 1469 1357 1504 esse,
1407 1460 1537 1498 deinde
1582 1471 1684 1504 vero,

182 1515 521 1576 explicationem
541 1525 862 1576 proverbialem
885 1525 940 1565 ad
972 1525 1327 1577 interpretandos
1348 1528 1505 1577 poetae
1528 1535 1684 1567 versus

180 1596 225 1634 in
271 1595 482 1634 auxilium
526 1596 771 1633 vocanda-m
817 1605 927 1634 esse.
988 1595 1035 1633 Id
1080 1598 1198 1633 recte
1241 1595 1345 1633 fecit
1374 1595 1539 1634 Ameis.
1572 1594 1683 1643 Spio.

180 1662 330 1714 explic.
362 1662 494 1714 Verg.
525 1675 563 1714 p.
596 1657 621 1701 5
654 1663 707 1702 de
740 1663 817 1703 ecl.
848 1663 895 1703 ΙΙ.
929 1657 984 1702 58
1015 1674 1097 1716 sq.‚
1137 1665 1180 1703 et
1217 1674 1489 1715 magnopere
1523 1663 1684 1703 miran-

179 1733 283 1771 dum
317 1735 394 1778 est,
427 1733 543 1783 quod
576 1733 709 1770 etiam
743 1733 788 1770 in
820 1733 959 1770 altera
991 1733 1184 1770 editione
1205 1733 1470 1781 Ladewigus
1502 1733 1684 1782 longam

177 1810 304 1839 suam
346 1800 478 1849 hujus
530 1799 614 1839 loci
647 1799 985 1850 explicationem
1016 1800 1214 1839 retinuit·
1276 1800 1410 1839 Recte
1454 1803 1686 1851 praeterea

175 1869 365 1908 Vossius
416 1880 516 1907 mea
567 1869 745 1920 quidem
797 1870 1021 1908 sententia
1071 1869 1272 1917 ejusdem
1324 1870 1506 1919 eclogae
1548 1880 1584 1907 v,
1617 1864 1684 1907 70.

177 1938 317 1978 Servii
365 1938 501 1977 verba
548 1942 726 1978 secutus
767 1949 820 1977 ex
863 1938 1097 1989 proverbio
1145 1938 1337 1990 quodam
1381 1939 1683 1977 Romanorum

175 2007 339 2045 rustico
385 2006 725 2056 intelligendum
782 2007 1179 2058 explicandumque
1229 2016 1329 2045 esse
1378 2006 1542 2045 statuit.
1621 2006 1684 2044 Ex

174 2076 348 2127 vulgari
392 2075 757 2126 interpretatione
798 2088 886 2115 non
930 2075 1136 2125 congruit
1175 2075 1248 2114 hic
1288 2085 1445 2114 versus
1485 2086 1585 2114 cum
1618 2085 1684 2114 se-

177 2144 436 2196 quentibus,
479 2144 837 2195 quandoquidem
879 2144 1027 2193 inepte
1068 2143 1268 2193 Corydon
1302 2153 1350 2181 se
1388 2154 1475 2182 uno
1509 2145 1684 2182 senten-

179 2212 341 2251 tiarum
373 2214 528 2250 tenore
558 2214 737 2261 propter
767 2211 1019 2262 neglectam
1049 2212 1206 2250 vitium
1240 2211 1589 2262 amputationem
1620 2211 1683 2251 in-

178 2283 304 2320 cusat
335 2284 380 2319 et
409 2280 464 2319 ad
495 2290 605 2320 vasa
641 2281 807 2320 rustica
837 2281 1028 2320 texenda
1060 2281 1230 2320 excit-at.
1291 2281 1467 2331 Optime
1498 2292 1614 2327 vero,
1646 2282 1684 2320 si

177 2350 295 2389 hunc
341 2353 522 2389 sensum
566 2349 605 2388 ei
638 2349 888 2398 subjectum
931 2359 1030 2389 esse
1058 2354 1290 2401 putamus:
1337 2350 1563 2398 „Demens
1612 2359 1682 2399 es;

176 2419 329 2457 vinum
360 2419 511 2456 bibisti
543 2430 566 2456 e
587 2419 676 2457 vite
709 2417 1009 2468 semiputata“,
1041 2423 1305 2469 antegressa
1326 2419 1463 2457 verba
1493 2418 1686 2457 illustrat

179 2489 223 2525 et
271 2486 519 2537 amplificat.
599 2486 804 2526 Ceterum
853 2488 937 2527 hoc
990 2499 1165 2540 quoque
1216 2497 1349 2526 versu
1399 2486 1683 2526 Theocritum

178 2555 428 2594 aemulatus
458 2555 642 2598 videtur.
675 2557 800 2604 cujus
832 2557 988 2596 similis
1019 2555 1309 2606 proverbialis
1343 2555 1505 2594 locutio
1539 2567 1562 2593 e
1593 2555 1685 2595 vita

179 2623 343 2663 rustica
386 2623 525 2673 petita
571 2624 771 2674 quamvis
819 2625 904 2664 alio
946 2636 1082 2664 sensu
1131 2626 1275 2663 exstat
1317 2624 1370 2663 id.
1410 2624 1456 2662 X.
1506 2620 1557 2662 ¹14
1589 2624 1683 2664 coll.

181 2692 343 2732 Ameis.
376 2691 487 2731 Adn.
518 2703 557 2741 p.
587 2687 653 2731 63.
683 2712 739 2716 -
770 2692 1116 2742 Superstitiones
1148 2692 1375 2742 Vergilius
1418 2704 1441 2731 e
1472 2693 1563 2732 vita
1592 2693 1682 2742 ple-

183 2760 282 2808 beja
320 2765 548 2811 promptas
578 2763 755 2810 praeter
787 2771 884 2808 eas,
926 2772 1039 2812 quae
1082 2761 1138 2800 ad
1175 2771 1269 2800 rem
1300 2761 1521 2812 magicam
1551 2760 1683 2810 perti-

183 2832 339 2867 nentes
370 2829 414 2867 in
444 2829 690 2878 posteriore
721 2832 846 2878 parte
879 2831 1061 2880 eclogae
1093 2830 1195 2868 VIII
1224 2830 1452 2880 leguntur,
1492 2841 1683 2868 comme-

183 2895 371 2934 moravit
402 2895 534 2934 etiam
576 2897 652 2936 ecl.
691 2897 759 2936 III.
794 2892 885 2937 103.
935 2898 1026 2937 VII.
1059 2892 1116 2937 27
1147 2908 1208 2950 sq.
1259 2899 1326 2939 IX.
1357 2894 1411 2937 53
1445 2907 1507 2949 sq.
1559 2898 1683 2948 Quae
