1911 3215
989 131 1049 175 94
1882 75 1891 164 Ι

374 249 500 288 Alter
529 250 654 288 locus
683 251 756 288 ‘est
786 249 888 288 ibid.
908 260 947 288 v.
968 245 1042 287 64:
1075 245 1164 288 ἴσαι
1183 247 1230 288 δὲ
1260 242 1450 300 ψεύδεσιν
1481 243 1614 302 ὄψεις.
1653 252 1777 290 Haec

258 318 395 359 verba
433 318 497 358 ita
533 330 652 359 nunc
691 319 745 359 ab
779 317 1002 359 Ahrensio
1042 322 1222 359 exarata
1253 322 1376 359 sunt:
1417 313 1490 359 ἴσα
1520 311 1556 358 δ’
1593 307 1645 373 ἦν
1676 312 1775 372 ψεῦ-

257 385 364 427 δεσιν
393 380 504 439 ἕψις.
565 388 624 426 At
664 399 802 439 quum
841 397 999 427 omnes
1036 388 1138 426 libri
1169 388 1547 438 praepositionem
1579 384 1621 427 ἐν
1650 399 1775 439 prae-

255 456 392 495 beant
423 461 467 495 et
497 461 675 506 praeter
713 468 851 495 unum
885 456 942 504 K,
980 457 1054 507 qui
1092 468 1330 496 numerum
1368 457 1642 507 singularem
1679 450 1779 510 ὄψις

256 524 402 572 habet,
435 534 591 564 omnes
613 525 782 575 reliqui,
814 529 863 563 ut
884 525 1070 572 videtur,
1093 525 1227 564 etiam
1249 525 1466 575 pluralem
1487 517 1634 577 ὄψεις,
1650 525 1775 565 locus

258 592 447 633 fortasse
489 594 551 633 ita
593 594 855 633 scribendus
899 597 984 632 est:
1029 589 1124 648 ἴσᾳς
1162 590 1252 641 (vel
1281 590 1379 649 ἰ’σᾳς
1409 587 1484 643 δ’),
1516 590 1557 632 ἐν
1584 587 1775 646 ψεύδεσιν

253 652 391 711 ἕψεις,
440 661 464 700 i.
497 671 531 700 e.
564 668 635 709 „ut
667 659 834 709 (autem)
864 664 952 707 scis,
1002 664 1042 701 in
1076 663 1285 702 mendaciis
1323 663 1498 702 ducenda
1529 668 1620 701 sunt
1653 657 1775 702 vv'saf‘

256 728 322 768 De
353 728 495 770 forma
539 725 633 785 ἴσᾳς
678 729 729 770 cf.
768 730 824 771 id.
857 730 967 770 XIV.
998 726 1067 771 34.
1099 730 1204 771 Ahr.
1244 731 1299 770 de
1339 730 1437 771 dial.
1469 731 1570 770 Dor.
1603 743 1641 780 p.
1672 726 1768 770 345.

260 797 499 838 Collocatio
533 798 786 838 defenditur
816 798 1019 838 formulis
1053 799 1284 846 similibus,
1317 809 1430 850 quae
1454 798 1612 838 eodem
1638 798 1771 838 modo

258 866 449 905 orationi
489 867 768 916 antepositae
822 870 936 907 sunt.
1008 866 1066 907 Cf.
1114 867 1168 907 id.
1210 867 1340 907 XVII.
1385 862 1487 906 136:
1540 862 1670 906 δοκέω
1716 859 1772 915 δ’,

254 929 352 981 ἔπος
391 927 467 974 οὐκ
508 927 741 988 ἀπόβλητον
783 929 1021 988 φίτέγξομαι
1067 931 1300 988 έσσομένοις
1339 935 1489 987 ibique
1531 934 1771 975 Wuestem.

255 1006 299 1041 et
319 1002 415 1042 add.
440 1003 574 1042 etiam
595 999 705 1042 δοκῶ
737 999 811 1055 μέν
833 1003 965 1053 Soph.
988 1003 1093 1042 Oed.
1116 1003 1202 1042 Col.
1225 999 1321 1051 997,
1355 1003 1431 1042 ubi
1451 1002 1537 1041 vid.
1562 1003 1766 1041 Wunder.

254 1071 315 1110 El.
347 1066 400 1110 61
435 1071 585 1122 ibique
619 1070 955 1117 Schneidewin,
995 1072 1068 1122 qui
1102 1072 1310 1110 excitavit
1339 1083 1377 1111 v,
1409 1067 1505 1118 547,
1538 1071 1690 1110 Alead.
1721 1070 1769 1111 fr.

254 1134 310 1185 8.,
343 1140 442 1178 Eur.
476 1139 623 1188 Suppl.
656 1135 741 1176 794
772 1139 921 1188 ibique
956 1140 1216 1186 Hermann.;
1250 1137 1407 1177 δοκεῖτε
1437 1139 1573 1177 Thuc.
1606 1139 1677 1177 IV.
1701 1135 1769 1177 61.

253 1202 304 1256 2;
338 1204 450 1247 δοκεῖ
480 1202 527 1246 δέ
556 1218 625 1258 μοι
656 1207 790 1246 Thuc.
824 1207 851 1246 I.
882 1202 919 1246 3.
955 1202 999 1257 13
1033 1197 1130 1258 *ὁρᾶς
1162 1210 1205 1246 et
1237 1198 1368 1259 δρᾶτε,
1402 1207 1455 1246 de
1490 1207 1651 1258 quibus
1683 1207 1766 1246 vid.

254 1274 507 1312 Frotscher.
546 1274 602 1311 ad
633 1275 739 1313 Xen.
772 1275 889 1313 Hier.
924 1275 950 1313 Ι.
985 1270 1048 1313 16.
1109 1275 1205 1313 Non
1243 1284 1426 1324 prorsus
1464 1275 1512 1312 in
1545 1275 1769 1312 Theocriti

256 1342 404 1381 locum
452 1342 670 1393 quadrant
708 1335 848 1395 ὀΐομαι
889 1343 968 1393 Ap.
1010 1343 1148 1382 Rhod.
1181 1343 1250 1382 III.
1281 1339 1377 1382 479.
1411 1334 1483 1381 οἶδ’
1522 1335 1600 1393 ἐγώ
1639 1342 1771 1392 Soph.

253 1409 359 1450 Oed.
391 1410 480 1449 Col.
515 1407 636 1458 1197,
685 1412 895 1462 quoniam
942 1415 1133 1462 utroque
1165 1411 1262 1450 loco
1294 1412 1404 1450 haec
1436 1410 1572 1450 verba
1602 1410 1770 1460 protasi

253 1482 297 1517 et
328 1478 513 1528 apodosi
546 1480 778 1527 interjecta
811 1484 924 1519 sunt.
966 1479 1194 1529 Quaedam
1218 1479 1421 1529 exempla
1452 1490 1771 1518 commemora-

252 1550 414 1603 yerunt
446 1547 581 1586 etiam
621 1547 777 1587 Matth.
817 1545 843 1595 ἓ
874 1542 968 1587 630.
1001 1543 1037 1587 2.
1072 1559 1112 1598 g.
1143 1560 1181 1597 p.
1215 1543 1324 1587 1521
1366 1548 1431 1588 ed.
1462 1548 1531 1587 III.
1570 1549 1773 1598 Krueger

253 1614 278 1663 ξ
311 1612 376 1656 55.
408 1613 446 1655 4.
488 1628 527 1654 n.
559 1611 600 1654 8.
644 1617 725 1654 Ex
778 1616 937 1654 eodem
990 1626 1074 1655 usu
1125 1616 1386 1665 explicanda
1438 1621 1507 1655 est
1555 1618 1771 1667 scriptura

252 1697 279 1725 a
309 1688 433 1735 parte
474 1684 688 1724 librorum
729 1685 879 1725 oblata
909 1685 1008 1725 Eur.
1040 1685 1155 1725 Med.
1186 1680 1290 1725 287:
1323 1678 1434 1725 κλύω
1465 1678 1522 1734 δ’,
1568 1678 1770 1735 ἀπειλεῖς,

256 1765 393 1805 quam
435 1755 479 1792 in
524 1754 690 1792 scholis
733 1753 972 1792 defendere
1016 1755 1198 1792 memini
1239 1755 1383 1792 virum
1432 1754 1771 1792 dilectissimum

254 1821 492 1862 Klotzium.
545 1820 603 1861 Cf.
636 1825 786 1861 tamen
820 1821 873 1861 de
907 1821 1065 1861 eodem
1097 1822 1193 1861 loco
1226 1821 1468 1861 Kirchhoff.
1500 1834 1537 1871 p.
1570 1816 1635 1861 95.
1686 1821 1771 1860 De-

250 1891 386 1941 nique
416 1891 555 1929 verba
586 1886 627 1928 ἐν
658 1884 853 1942 ψεύδεσιν
882 1884 1004 1941 ’ὄψεις
1034 1891 1367 1940 interpretanda
1396 1891 1602 1928 videntur
1633 1901 1686 1929 ex
1707 1891 1768 1928 lo-

253 1959 431 1998 cutione
461 1958 749 2009 proverbiali,
792 1959 860 1998 cui
894 1959 1037 1997 simile
1071 1962 1154 2006 est,
1189 1959 1303 2010 quod
1338 1962 1562 1999 nostrates
1595 1959 1765 1997 dicunt:

252 2025 448 2074 „Trdumc
478 2030 563 2069 sind
593 2026 823 2069 Schczumef‘

364 2129 696 2181 Nonnunquam
738 2130 784 2170 in
825 2131 913 2170 fine
954 2130 1237 2180 potissimum
1276 2133 1319 2169 et
1351 2130 1394 2169 in
1427 2130 1641 2180 principio
1674 2141 1769 2169 ver-

253 2207 386 2236 suum
417 2201 641 2236 vetustate
674 2198 841 2248 aliquid
884 2199 927 2236 in
968 2198 1194 2236 codicibus
1227 2198 1484 2247 absorptum
1519 2202 1596 2237 est.
1658 2198 1768 2237 Illud

251 2265 419 2305 factum
451 2268 561 2315 puto
595 2265 649 2305 id.
681 2266 830 2306 XXIII.
863 2261 890 2306 2
922 2263 1023 2314 (Inc.
1055 2265 1107 2306 V
1139 2277 1175 2305 v.
1207 2261 1234 2305 2
1265 2263 1407 2312 Ahr.:)

508 2351 570 2387 τάν
596 2351 734 2397 μορφὰν
759 2348 891 2395 dmm,
918 2351 974 2387 τὸν
1000 2349 1039 2386 δὲ
1064 2348 1190 2395 τρόπον
1216 2349 1339 2387 οὗκέῧ’
1371 2348 1481 2396 ομοίω

368 2437 436 2476 Ad
470 2437 582 2476 duas
615 2438 907 2485 conjecturas,
940 2447 1052 2488 quas
1086 2437 1139 2475 de
1162 2437 1311 2476 verbis
1336 2437 1547 2476 extremis
1568 2437 1764 2487 prolatas

251 2505 406 2554 video,
458 2505 572 2545 addo
615 2505 793 2545 tertiam
824 2504 1015 2545 sortasse
1047 2505 1275 2545 leniorem.
1338 2504 1628 2545 Scribendum
1660 2506 1770 2545 mihi

249 2576 429 2616 videtur
470 2566 616 2615 οὐκέῖῖ’
667 2565 817 2625 ὅμοίως
856 2588 955 2622 „non
995 2578 1084 2615 item
1124 2578 1219 2627 pari
1245 2572 1391 2623 Ίηοᾶο,ιι
1423 2575 1585 2626 quibus
1617 2575 1766 2614 verbis

251 2643 528 2695 cogitatione
569 2642 710 2682 addas
742 2635 904 2692 ἀγαῗςῶ.
966 2643 1022 2682 Of.
1063 2644 1186 2682 Dem.
1230 2643 1295 2682 Ol.
1338 2644 1407 2683 111.
1440 2638 1511 2681 18:
1563 2635 1769 2690 εὔξασῢαι

248 2707 346 2764 μὲν,
377 2701 409 2750 ὦ
440 2704 586 2763 ἄνδρες
607 2702 844 2762 Ἀἳςηναίοι,
875 2704 1079 2763 ῥᾴδιον,
1130 2707 1189 2756 εἰς
1217 2703 1344 2750 ταύτὸ
1376 2704 1525 2760 noiv‘ir’,
1565 2703 1645 2750 ’ὅσα
1675 2704 1765 2760 βού-

246 2774 366 2820 λεταί
384 2790 458 2828 τις,
480 2772 739 2832 ἀῖῖροίσαντα
765 2774 806 2817 ἐν
830 2770 969 2833 ὀλίγῳ·
990 2773 1163 2819 mcum
1183 2774 1241 2828 δὲ,
1270 2770 1371 2818 ’ὅταν
1394 2773 1483 2830 περὶ
1508 2772 1763 2832 πραγμάτων

247 2845 435 2901 προτεῖΐῇ
475 2848 664 2897 σκοπεῖν,
714 2839 898 2888 0625&
950 2838 1147 2900 ὁμοίως
1193 2840 1428 2900 εὔπορον.
1489 2849 1678 2887 Prorsus
1711 2848 1767 2887 si-
