1911 3215
901 114 959 159 80

169 230 507 273 GsHermanno
554 226 824 284 adstipulari.
897 233 996 283 Qua
1046 233 1101 273 de
1153 244 1290 274 causa
1339 236 1416 274 aut
1464 235 1679 286 recipien-

170 300 275 339 dum
314 304 384 338 est
422 297 640 350 ζατεῦσαι,
683 301 801 351 quod
843 302 1093 349 conjecerat
1122 301 1409 341 Hermannus
1441 304 1485 340 et
1524 299 1681 352 postea

167 368 212 408 in
276 379 366 407 uno
427 368 578 408 codice
630 368 859 420 Zieglerus
910 369 1157 418 invenerat,
1220 374 1317 419 aut,
1367 370 1484 422 quod
1533 370 1679 421 magis

167 437 304 476 etiam
375 437 652 488 probandum
720 437 922 493 videtur,
993 449 1016 477 e
1087 439 1304 489 scriptura
1372 439 1573 479 codicum
1638 439 1678 480 k.

169 499 384 554 (ζάτεισα)
446 510 489 545 et
542 507 590 546 D.
652 505 868 554 (ζατεισα)
929 517 1087 546 versus
1135 508 1198 547 ita
1249 508 1535 558 refingendus
1587 511 1677 548 est:

169 567 303 622 ζὰτει·
351 572 412 627 πᾷ
458 567 632 627 δύσερώς
676 584 739 621 τις
784 567 890 626 ἄγαν
939 569 1013 614 καὶ
1058 568 1280 630 ἀμήχανός
1327 572 1434 624 ἕσσω
1483 587 1679 628 „quaere

169 644 290 683 eam!
333 644 408 695 qui
439 643 509 690 fit,
549 646 599 681 ut
638 642 777 681 nimia
818 655 918 682 cum
958 644 1139 682 miseria
1181 649 1225 683 et
1262 645 1412 695 inopia
1449 645 1495 684 in
1526 655 1677 684 amore

166 709 410 752 verseris?“
469 710 750 761 Adjectivum
793 712 912 752 enim
954 704 1172 766 ἀμήχανος
1211 713 1251 754 h.
1291 714 1316 754 l.
1355 714 1498 754 activo
1540 723 1678 754 sensu

165 785 313 834 inopem
344 781 567 831 significat
605 781 881 832 explicatque
912 781 1161 820 accuratius
1192 782 1459 821 vocabulum
1489 775 1677 836 δύσερως,

166 849 285 902 quod
315 850 360 889 in
391 850 650 889 universum
693 861 794 889 eum
838 850 1039 898 denotat,
1082 850 1156 903 qui
1195 851 1395 903 infeliciter
1434 850 1505 890 vel
1541 840 1677 891 misere

165 926 284 959 amat.
344 920 561 959 Profiteor
599 923 772 968 tamen,
822 931 893 958 me
930 930 1020 959 non
1060 930 1195 970 aegre
1236 920 1430 959 laturum
1463 930 1585 967 esse,
1637 919 1675 958 si

165 980 340 1041 δύσερως
370 988 411 1029 h.
441 987 467 1028 1.
498 988 536 1029 is
570 999 669 1029 esse
701 993 875 1040 posset,
908 989 983 1041 qui
1012 989 1136 1038 male,
1170 1002 1352 1043 perverse
1385 988 1514 1038 amat,
1556 988 1676 1041 quod

165 1057 505 1107 significationis
553 1061 956 1108 temperamentum
1001 1058 1215 1098 adhaeret
1260 1058 1539 1099 substantivo
1586 1055 1677 1097 δυσ·

162 1121 320 1175 βουλία.
366 1127 462 1166 Hoc
493 1130 592 1165 utut
623 1130 701 1174 est,
732 1127 840 1167 illud
873 1132 991 1167 certe
1023 1130 1206 1177 apparet
1237 1127 1437 1174 dilucide,
1467 1126 1676 1176 Priapum

163 1193 391 1234 adhortari
412 1194 702 1246 Daphnidem,
724 1195 768 1235 id
792 1195 909 1248 quod
938 1195 983 1235 in
1006 1195 1077 1235 dei
1098 1195 1252 1235 lascivi
1274 1195 1469 1236 indolem
1492 1195 1675 1246 egregie

165 1264 373 1303 convenit
395 1262 462 1311 (cf.
485 1275 549 1314 ep.
571 1262 658 1311 ΙΙΙ),
689 1277 736 1304 ne
756 1265 1001 1304 contabescat
1024 1277 1167 1312 amore,
1197 1266 1262 1304 sed
1281 1267 1479 1316 investv'yet
1501 1263 1675 1316 puellam

160 1333 371 1385 suyientem
402 1345 524 1385 eaque
556 1334 650 1373 adeo
688 1346 760 1385 per
791 1336 867 1373 vim
901 1336 1023 1385 potiri
1056 1334 1221 1373 studeat.
1281 1333 1349 1372 Ab
1381 1333 1466 1372 hac
1497 1336 1675 1372 senten-

162 1403 225 1441 tia
255 1412 437 1452 prorsus
470 1402 712 1447 abhorrent
740 1413 899 1441 versus
932 1406 1172 1452 sequentes
1207 1396 1422 1449 (86—91).
1470 1402 1670 1452 Namque

163 1470 209 1510 in
241 1470 297 1510 iis
326 1471 495 1522 pastori
518 1471 753 1522 opprobrio
774 1471 971 1520 vertitur,
1004 1470 1133 1523 quod,
1154 1482 1290 1523 quum
1311 1471 1471 1511 viderit
1500 1470 1672 1522 puellas

163 1540 373 1589 ridenteS,
405 1552 557 1580 amore
578 1542 866 1581 contabescat
897 1545 941 1580 et
972 1541 1158 1581 choreas
1190 1553 1290 1580 cum
1321 1541 1376 1580 iis
1408 1540 1569 1579 ducere
1601 1551 1674 1579 cu-

159 1609 263 1660 piat,
295 1609 495 1662 satisque
528 1609 724 1660 maligne
756 1621 857 1649 cum
890 1610 1088 1660 caprario
1121 1612 1414 1661 comparatur.
1456 1609 1674 1659 Quocirca

159 1678 489 1727 Doederlinum‚
522 1690 794 1731 quamquam
825 1680 870 1718 in
892 1679 1075 1731 reliquis
1109 1679 1163 1719 ab
1189 1689 1241 1718 eo
1264 1679 1491 1726 dissentio,
1522 1682 1673 1717 tamen

160 1747 246 1787 hoc
276 1750 396 1787 recte
420 1747 675 1797 disputasse
706 1751 814 1797 puto
846 1747 871 1787 l.
893 1747 917 1786 l.
939 1759 979 1798 p.
1003 1742 1140 1795 159*)‚
1172 1747 1283 1786 haec
1312 1747 1449 1787 verba
1480 1758 1505 1786 a
1524 1746 1672 1797 Priapi

160 1817 361 1857 oratione
403 1816 685 1866 sejungenda
727 1827 838 1855 esse.
899 1817 1001 1856 Jam
1043 1828 1180 1867 quum
1221 1804 1338 1855 desit
1366 1827 1404 1856 v,
1435 1810 1492 1855 86
1523 1827 1549 1854 a
1579 1815 1671 1856 cod.

158 1880 196 1925 6.
226 1898 275 1925 m.
301 1899 375 1938 pr„
405 1885 648 1925 verisimile
680 1895 781 1925 esse
814 1886 1013 1933 arbitror,
1050 1896 1153 1925 eum
1185 1897 1211 1925 a
1242 1885 1533 1936 grammatico
1565 1895 1672 1937 quo·

160 1954 262 1995 dam
294 1955 339 1994 in
370 1965 529 1996 versus
562 1955 746 2006 genuini
786 1955 933 1996 locum
977 1955 1270 1995 substitutum
1312 1964 1412 1995 esse
1454 1957 1499 1994 et
1538 1955 1673 2004 hujus

159 2034 343 2064 sensum
375 2025 493 2064 hunc
522 2024 682 2064 fuisse:
724 2024 921 2073 „Accessit
962 2027 1076 2065 etiam
1109 2023 1241 2064 Diana
1279 2027 1458 2075 yraviter
1495 2026 1604 2063 irata
1636 2029 1673 2062 et

160 2092 255 2133 haec
286 2095 407 2134 dv'oez't:
449 2094 684 2144 Caprarius
717 2094 893 2145 quando
934 2093 1056 2132 videt
1087 2090 1191 2132 etc.“
1249 2093 1487 2132 Praeterea
1528 2101 1669 2130 remo—

160 2162 354 2201 vendum
388 2165 456 2201 est
493 2162 804 2211 ephymnium,
847 2162 965 2212 quod
1002 2161 1170 2210 legitur
1208 2164 1310 2210 post
1339 2172 1376 2200 v,
1407 2155 1465 2199 88
1504 2163 1549 2199 et
1578 2163 1669 2199 tres

158 2239 316 2270 versus
349 2230 668 2269 antecedentes
700 2228 822 2277 (nam
858 2229 1018 2279 perditi
1058 2240 1235 2281 quoque
1265 2239 1424 2267 versus
1456 2239 1573 2268 nunc
1602 2239 1670 2267 ra-

158 2298 327 2338 tionem
361 2296 523 2346 habeo)
557 2310 657 2338 cum
696 2299 901 2338 versibus
942 2293 1129 2338 90—93
1170 2298 1215 2337 in
1255 2301 1428 2348 septem
1457 2307 1669 2336 versuum

160 2367 389 2416 stropham
415 2367 647 2417 jungendi.
699 2367 778 2406 Cui
809 2367 1098 2416 respondebit
1128 2367 1214 2405 alia
1245 2367 1437 2416 stropha,
1470 2366 1518 2412 si,
1550 2364 1668 2416 quod

160 2433 321 2474 suadet
351 2433 470 2473 idem
503 2435 595 2475 cod.
625 2430 685 2484 6.,
717 2435 918 2475 ordinem
957 2445 1169 2475 versuum
1199 2430 1256 2474 84
1288 2438 1332 2473 et
1361 2429 1417 2473 85
1446 2436 1668 2483 permuta—

162 2503 276 2543 veris
300 2506 345 2543 et
376 2503 560 2551 ejeceris
583 2504 718 2542 etiam
743 2504 1045 2553 ephymnium‚
1077 2502 1195 2554 quod
1225 2513 1343 2540 nunc
1373 2501 1537 2561 legitur
1565 2504 1669 2552 post

248 2625 278 2668 *)
304 2624 389 2659 Non
412 2624 535 2659 latent
559 2633 617 2657 me
632 2648 640 2662 ‚
666 2633 762 2667 quae
789 2627 922 2658 contra
945 2623 1219 2658 Doederlinum
1245 2622 1339 2657 dixit
1358 2621 1546 2658 Ameis'ius
1569 2622 1663 2656 Ann.

158 2681 258 2717 1845.
282 2683 339 2716 45.
364 2683 397 2717 2.
422 2693 458 2726 p.
486 2682 551 2716 108
576 2690 653 2724 sq.‚
692 2680 761 2713 sed
787 2690 883 2724 quae
909 2681 1092 2715 disseruit
1116 2680 1176 2714 vir
1200 2680 1567 2724 praestantissimus,
1591 2689 1668 2714 non

157 2740 331 2775 sumcere
346 2738 536 2780 videntur,
555 2737 783 2784 praesertim
798 2737 829 2772 si
846 2748 890 2772 ea
909 2738 1098 2773 sententia
1115 2738 1308 2782 probatur,
1324 2748 1436 2784 quam
1451 2747 1523 2783 ego
1538 2736 1665 2772 verbis

157 2797 395 2842 antegressis
420 2798 632 2842 subjectam
658 2804 744 2830 esse
769 2799 872 2839 puto.
914 2795 1013 2835 Mira
1038 2798 1125 2829 sunt
1149 2806 1245 2839 quae
1271 2796 1318 2831 de
1342 2795 1470 2839 Priapi
1495 2794 1666 2829 oratione

156 2864 279 2900 nuper
302 2853 455 2891 Hauler.
481 2853 505 2888 1.
531 2853 553 2888 1.
580 2865 616 2901 p.
641 2854 684 2888 46
710 2851 879 2899 protulit.
