1911 3215
933 155 960 198 5

185 281 399 333 leguntur
438 278 515 320 ecl.
547 277 617 317 111.
652 270 715 317 18.
775 276 885 316 VIII.
924 270 1018 315 107.
1095 274 1199 315 Jam
1240 285 1377 325 quum
1419 268 1631 325 appareat
1671 287 1696 315 e

186 349 354 391 Colum.
375 348 468 388 VII.
500 342 566 387 12.
595 340 644 394 6,
676 355 810 385 canes
842 344 960 395 apud
989 344 1216 383 Romanos
1250 345 1326 381 aut
1354 343 1528 392 graecis
1556 344 1697 383 nomi-

186 418 330 467 nibus,
361 414 511 469 qualia
541 414 691 455 attulit
719 405 892 462 σκύλαξ,
919 404 1074 461 λάκων,
1105 402 1277 464 σπουδή,
1310 402 1435 464 ἀλκή,
1460 403 1592 465 ῥώμη,
1619 416 1698 452 aut

180 488 356 534 latinis,
403 485 531 535 cujus
582 482 761 535 generis
812 480 1177 521 commemoravit
1221 481 1361 532 ferooe,
1407 478 1519 532 lupa,
1568 493 1696 528 cerva,

182 559 310 610 tiqris,
355 556 540 594 vocatos
572 561 693 600 esse,
738 550 942 590 videmus
974 550 1058 589 hac
1089 549 1135 589 in
1172 559 1220 589 re
1251 548 1484 588 Maronem
1525 561 1695 590 morem

182 625 374 677 patrium
407 625 609 664 secutum
652 630 764 679 esse.
844 620 975 660 Hunc
1007 631 1109 659 eum
1140 619 1185 659 in
1227 617 1492 669 appellando
1536 630 1696 669 pecore

184 693 462 740 destituisse,
503 702 594 732 non
627 691 722 730 sine
762 689 1149 729 verisimilitudine
1191 688 1383 740 quadam
1425 699 1479 727 ex
1520 688 1596 728 ecl.
1627 689 1696 728 IX.

182 757 363 810 23—25,
395 770 507 813 quos
537 769 696 799 versus
727 759 783 798 ad
814 758 999 797 verbum
1030 757 1123 797 fere
1157 768 1180 796 e
1208 757 1391 796 Theocr.
1414 756 1469 796 id.
1492 752 1695 796 111,3—5

185 830 426 879 transtulit,
457 829 567 869 mihi
599 828 818 879 conjicere
849 827 1010 867 videor.
1060 826 1207 878 Atque
1239 826 1323 865 hoc
1355 825 1536 878 quidem
1559 837 1696 878 quum

185 900 241 941 ad
282 903 426 940 terrae
456 898 775 949 proprietatem
805 896 1043 947 pertineat,
1086 895 1195 935 illud
1235 894 1406 945 ingenii
1447 897 1492 933 et
1532 894 1695 935 indolis

182 968 414 1020 utriusque
436 970 594 1018 poetae
618 969 696 1006 est.
738 965 966 1005 Invenitur
987 965 1106 1004 enim
1128 963 1246 1015 apud
1262 963 1484 1003 Graecum
1502 966 1694 1013 poetam,

184 1037 418 1088 egregium
439 1039 626 1076 naturae
649 1035 994 1083 observatorem,
1016 1036 1246 1085 pastorum
1268 1033 1312 1072 id
1335 1044 1436 1073 cum
1456 1033 1692 1084 pecoribus

182 1106 514 1152 commercium,
553 1108 602 1143 ut
631 1116 721 1144 non
753 1104 898 1143 solum
930 1114 983 1143 ea
1014 1114 1189 1143 summo
1222 1113 1271 1142 se
1303 1113 1454 1141 amore
1486 1102 1694 1153 amplecti

182 1174 474 1225 profiteantur
514 1171 587 1221 (id.
625 1173 696 1213 IV.
733 1168 800 1221 39,
837 1183 970 1224 quem
1010 1174 1162 1211 tamen
1203 1171 1349 1211 locum
1386 1169 1574 1211 Ahrens.
1614 1182 1692 1222 pro

182 1245 387 1292 corrupto
418 1240 570 1288 habet)
604 1245 681 1280 aut
710 1241 852 1280 amice
883 1241 1176 1279 adhortentur
1211 1237 1283 1286 (id.
1315 1239 1343 1277 Ι.
1378 1234 1461 1277 149
1493 1249 1554 1290 sq.
1583 1240 1633 1279 V.
1669 1237 1690 1279 1

182 1322 243 1362 sq.
277 1305 358 1350 145
391 1320 452 1361 sq.
494 1310 605 1349 VIII.
635 1305 693 1348 49
724 1320 816 1360 sqq.
846 1304 902 1347 65
934 1306 1044 1360 sqq.)
1077 1310 1154 1346 aut
1185 1307 1349 1358 gaudia
1381 1317 1463 1347 sua
1494 1319 1594 1348 cum
1636 1309 1691 1348 iis

181 1379 506 1420 communicare
539 1379 750 1418 studeant
775 1376 847 1426 (id.
866 1378 918 1417 V.
942 1374 1022 1416 141
1047 1387 1109 1428 sq.
1133 1377 1226 1416 coll.
1248 1377 1303 1416 id.
1325 1377 1395 1416 VI.
1416 1373 1502 1425 44),
1534 1389 1690 1417 verum

181 1447 317 1486 etiam
353 1458 674 1496 nonnunquam
715 1445 945 1484 iracundia
986 1445 1158 1483 incensi
1199 1445 1274 1481 illa
1317 1445 1497 1493 gravius
1539 1446 1690 1484 admo-

180 1517 327 1562 neant,
357 1513 544 1553 verbera
574 1512 686 1553 adeo
718 1512 976 1558 minitantes
1009 1509 1081 1560 (id.
1103 1511 1173 1551 IV.
1194 1507 1252 1551 46
1274 1523 1366 1564 sqq.
1389 1512 1438 1553 V.
1463 1509 1546 1552 147
1568 1513 1690 1565 sqq),

179 1582 343 1634 ubique
374 1577 478 1621 vero
511 1582 743 1632 aptissimo
775 1581 995 1621 sermonis
1027 1592 1193 1631 genere
1225 1584 1416 1621 utantur.
1462 1583 1689 1632 Vergilius

180 1653 343 1701 contra,
375 1661 645 1704 quamquam
676 1653 720 1691 et
750 1650 845 1702 ipse
876 1653 1081 1702 pastores
1114 1661 1192 1691 eos
1218 1649 1397 1699 inducit,
1429 1650 1503 1703 qui
1526 1663 1689 1703 greges

179 1731 285 1760 suos
316 1724 394 1760 aut
424 1721 566 1760 amice
598 1721 880 1772 alloquantur
911 1724 955 1759 et
986 1720 1277 1759 adhortentur
1309 1718 1402 1768 (ecl.
1435 1721 1462 1759 Ι.
1501 1716 1556 1759 75
1596 1731 1688 1774 sqq.

178 1790 224 1829 X.
255 1784 327 1837 77)
361 1792 438 1829 aut
468 1792 783 1829 commoneant
812 1789 1017 1828 acerbius
1042 1787 1126 1837 (111.
1145 1785 1202 1829 94
1222 1801 1284 1841 sq.
1307 1790 1398 1829 VII.
1420 1786 1504 1838 44),
1536 1794 1687 1830 tamen

178 1858 222 1897 in
253 1857 566 1898 familiaritatis
588 1858 873 1910 caritatisque
895 1869 1033 1898 sensu
1056 1858 1338 1909 depingendo
1360 1857 1532 1898 felicius
1556 1871 1689 1911 quam

180 1926 225 1964 in
255 1926 533 1975 objurgando
566 1926 852 1964 Theocritum
884 1929 1066 1964 secutus
1099 1929 1177 1965 est.

293 1994 421 2043 Quod
454 1994 491 2032 si
523 1994 800 2045 quaerimus,
845 1994 951 2045 quid
981 1997 1213 2044 praeterea
1254 1995 1486 2047 utriusque
1527 1999 1689 2045 poetae

176 2065 380 2114 pastores
426 2062 640 2113 temporis
686 2061 867 2101 fallendi
912 2072 1048 2101 causa
1091 2062 1134 2101 in
1181 2063 1361 2112 pascuis
1406 2068 1452 2103 et
1498 2064 1687 2104 saltibus

177 2132 370 2182 egerint,
411 2134 488 2171 aut
518 2144 618 2172 vasa
648 2134 798 2171 rustica
829 2124 1123 2171 comebant-‘aut
1153 2134 1254 2172 inter
1289 2145 1329 2171 sc
1369 2132 1689 2185 colloquebantur

176 2203 253 2240 aut
295 2203 473 2242 camina
514 2200 714 2242 canebant.
786 2200 914 2250 Quod
954 2200 1096 2251 primo
1136 2200 1234 2240 loco
1274 2201 1425 2252 posui,
1471 2203 1689 2253 reperitur

177 2268 294 2318 apud
325 2269 610 2308 Theocritum
642 2269 696 2308 id.
728 2270 795 2309 XI.
834 2265 888 2307 73
931 2272 994 2317 et,
1041 2280 1311 2321 quamquam
1352 2270 1413 2308 ibi
1459 2281 1548 2310 non
1595 2271 1688 2322 agi-

175 2341 247 2378 tur
278 2337 331 2378 de
361 2340 558 2388 pastore,
589 2339 617 2378 1.
649 2334 704 2379 52
735 2349 815 2390 sq„
847 2342 981 2390 atque
1012 2339 1114 2378 hine
1147 2340 1428 2378 adumbravit
1459 2340 1685 2390 Vergilius

175 2402 331 2447 ecl.‘11.
362 2401 416 2444 71
449 2416 511 2457 sq.
541 2406 589 2444 X.
620 2401 686 2445 71.
745 2406 811 2445 De
842 2406 980 2445 altero
1014 2410 1057 2445 et
1088 2406 1220 2446 tertio
1251 2406 1313 2447 ita
1345 2406 1600 2458 disputabo,
1639 2411 1687 2448 ut

175 2487 289 2528 quae
320 2485 393 2516 res
424 2475 523 2526 ipsa
553 2475 726 2526 flagitet
765 2479 816 2515 ut
843 2476 973 2524 juxta
1011 2479 1237 2526 ponantur
1277 2478 1550 2526 conjunctim
1592 2490 1687 2529 per-

174 2545 301 2595 sequi
331 2547 375 2584 et
405 2544 628 2583 illustrare
648 2554 792 2583 coner.
836 2544 1065 2593 Nimirum,
1097 2547 1146 2584 ut
1159 2545 1254 2594 jam
1278 2556 1412 2597 supra
1435 2545 1489 2586 de
1510 2546 1683 2597 pecoris

174 2614 439 2653 commercio
471 2614 739 2665 significavi,
782 2614 1044 2655 Theocritus
1075 2618 1168 2655 tam
1201 2616 1384 2667 egregie
1416 2619 1460 2655 et
1502 2617 1683 2655 omnino

173 2680 452 2732 popularium
484 2686 527 2722 et
558 2682 795 2735 praecipue
826 2683 1058 2723 hominum
1089 2684 1378 2724 humiliorum
1420 2687 1594 2724 mentes
1633 2696 1685 2724 ac

173 2749 470 2801 cogitationes
501 2753 727 2803 perspexit
757 2755 802 2791 et
833 2755 958 2792 tanta
989 2764 1091 2792 cum
1119 2753 1206 2793 fide
1226 2754 1502 2803 veritateque
1523 2753 1568 2792 in
1592 2764 1684 2792 car-

172 2818 367 2859 minibus
413 2818 506 2859 suis
555 2820 792 2871 expressit,
842 2823 890 2859 ut
936 2821 1161 2862 communi
1208 2822 1406 2861 omnium
1453 2821 1686 2862 doctorum

170 2898 394 2930 consensu
424 2898 601 2930 summa
629 2889 761 2931 laude
793 2889 955 2941 dignus
986 2890 1255 2939 judicandus
1296 2890 1365 2932 sit.
1425 2892 1529 2932 Jam
1576 2892 1687 2933 satis
