1911 3215
972 188 1028 233 83

250 309 411 349 Contra
431 309 550 348 aliud
576 309 787 356 scholion,
818 308 935 359 quod
961 311 1105 347 exstat
1136 308 1192 346 ad
1214 307 1406 346 eundem
1427 306 1482 346 id.
1505 306 1532 346 Ι.
1555 315 1745 354 versum,

250 378 449 418 nonnihil
481 389 579 417 eam
613 378 883 416 sententiam
915 377 1066 416 fulcire
1097 377 1292 423 videtur,
1325 386 1457 426 quam
1491 375 1543 414 de
1576 375 1745 413 Dianae

250 447 501 497 praesentia
541 446 737 497 exposui.
794 446 907 485 Nam
946 445 1154 495 leguntur
1189 443 1246 484 ad
1275 455 1312 483 v,
1344 439 1400 483 92
1439 444 1574 483 etiam
1612 443 1743 482 haec:

248 507 349 567 πρὸς
376 508 545 561 τοὺτους
574 510 641 563 δὲ,
680 506 867 560 οὕστινας
906 507 1068 553 ἅνωῖςεν
1099 508 1288 565 εἴπομεν,
1334 506 1427 565 ἤτοι
1454 504 1550 557 τοὺς
1579 504 1744 560 βούτας,

247 575 343 629 τοὺς
372 578 570 634 ποιμένας
589 575 665 620 καὶ
693 575 789 627 τοὺς
809 575 1016 629 αἰπόλους,
1037 573 1107 619 τὸν
1126 576 1312 631 Πρίαπον
1342 574 1411 619 καὶ
1443 573 1538 624 τοὺς
1568 571 1744 625 λοιποὺς,

248 643 363 690 οὐδὲν
393 643 627 702 ἐφὶῐῑέγξατο
660 640 680 687 ὃ
712 641 919 699 βουκόλος,
948 641 1041 704 ἤτοι
1070 639 1091 687 ὃ
1121 640 1284 700 Δάφνις,
1333 648 1419 698 Qui
1450 648 1521 687 hic
1553 657 1745 687 comme-

246 722 476 758 morantur
506 713 543 755 οἱ
571 713 716 767 λοιποί,
749 728 825 757 eos
856 730 882 756 a
913 717 1153 756 scholiasta
1177 717 1448 755 Mercurium
1480 720 1524 754 et
1554 716 1745 754 Dianam

175 827 178 831 .
247 786 497 825 intellectos
529 796 628 826 esse
664 789 791 836 puto,
834 796 1104 837 quamquam
1146 785 1336 835 cuipiam
1369 784 1574 823 credibile
1606 784 1746 823 videri

246 855 405 903 possit,
447 855 582 894 verba
620 848 713 909 ’ἤτοι
742 848 839 901 τοὺς
880 847 1030 903 βούτας
1064 874 1104 878 --
1147 846 1341 899 αἰπόλους
1370 856 1539 891 temere
1572 853 1626 895 ab
1659 852 1745 889 alio

247 922 487 961 scholiasta
517 923 748 971 interjecta
779 933 891 963 esse.

360 990 470 1030 Cum
500 992 583 1030 hoc
623 990 798 1029 fabulae
837 994 1103 1041 argumento
1136 1001 1189 1028 ea
1220 990 1495 1038 conspirant,
1538 998 1652 1037 quae
1685 987 1745 1025 le-

248 1055 394 1106 gimus
425 1059 480 1097 id.
511 1056 602 1096 VII.
632 1053 687 1095 73
720 1067 812 1107 sqq.
871 1058 1023 1107 Neque
1065 1057 1184 1095 enim
1214 1056 1365 1101 video,
1406 1067 1484 1094 cur
1522 1055 1566 1094 id
1607 1065 1745 1104 nega-

248 1124 361 1162 verit
391 1125 612 1163 Haulerus
643 1125 668 1163 l.
698 1125 724 1163 1.
754 1137 793 1174 p.
824 1120 891 1163 45.
950 1125 1121 1172 Xenea,
1165 1134 1277 1174 quae
1308 1124 1370 1161 ibi
1399 1123 1640 1172 profertur,
1678 1126 1747 1160 est

247 1191 321 1229 illa
366 1192 462 1241 ipsa
491 1192 710 1241 Nympha,
762 1193 886 1241 quus
931 1202 1082 1231 amore
1120 1192 1320 1241 Daphnis
1367 1193 1596 1240 correptus
1643 1192 1747 1229 erat.

246 1259 428 1299 Variam
459 1260 696 1299 lectionem
727 1253 879 1304 Eo'wivoe
910 1258 1009 1307 (vid.
1041 1261 1086 1299 in
1118 1261 1158 1300 h.
1189 1260 1214 1299 l.
1246 1257 1462 1307 Ahrens.),
1495 1270 1628 1310 quam
1660 1261 1745 1296 tra·

248 1327 358 1369 didit
389 1328 640 1376 scholiasta,
671 1328 912 1367 verisimile
933 1332 1002 1367 est
1034 1341 1059 1367 a
1090 1328 1395 1378 grammaticis
1429 1338 1481 1365 ex
1504 1327 1746 1366 Stesichori

247 1396 439 1435 carmine
480 1397 566 1434 huc
607 1396 869 1435 translatam
912 1406 1030 1443 esse,
1078 1396 1342 1445 videturque
1383 1395 1456 1433 ille
1497 1398 1631 1444 poeta
1662 1394 1746 1432 hoc

215 1451 424 1501 ‘nomine
456 1464 575 1512 regis
607 1464 743 1502 filiam
775 1463 1049 1513 designasse.
1108 1464 1223 1502 Vide
1255 1474 1369 1514 quae
1407 1464 1460 1501 de
1491 1462 1745 1500 nominibus

247 1530 407 1580 Calyca
439 1534 483 1569 et
513 1531 727 1578 Rhadina,
760 1542 873 1581 quae
904 1531 949 1570 in
982 1531 1155 1569 duobus
1188 1531 1457 1570 carminibus
1490 1530 1647 1569 similis
1679 1540 1746 1568 ar·

246 1600 447 1647 gumenti
481 1609 506 1636 a
538 1599 791 1638 Stesichoro
823 1602 1037 1648 usurpata
1070 1603 1214 1647 erant,
1253 1599 1366 1637 bene
1400 1598 1603 1647 exposuit
1634 1597 1745 1635 Wel—

247 1666 364 1706 cker.
398 1666 474 1716 Op.
507 1667 530 1706 1.
562 1667 586 1706 1.
617 1680 655 1716 p.
689 1662 771 1706 186
802 1678 893 1718 sqq.

358 1735 544 1772 Restant
577 1735 810 1784 quaedam,
849 1746 961 1785 quae
994 1735 1048 1774 ad
1081 1735 1222 1773 solam
1254 1734 1536 1784 stropharum
1569 1744 1745 1784 compo—

245 1803 452 1842 sitionem
490 1803 723 1852 pertinent.
793 1803 855 1841 Ac
895 1804 1087 1852 primum
1126 1803 1304 1854 quidem
1345 1814 1448 1841 vere
1491 1803 1743 1851 disputasse

242 1874 349 1918 puto
381 1872 623 1920 Hauptium
655 1871 768 1910 Mus.
799 1871 935 1910 Rhen.
966 1872 1070 1910 Nov.
1102 1871 1126 1910 l.
1157 1871 1182 1909 l.
1212 1882 1250 1919 p.
1271 1865 1355 1909 265
1377 1880 1450 1920 sq„
1481 1879 1639 1909 versus
1661 1864 1744 1909 118

244 1941 287 1976 et
321 1934 402 1977 119
431 1941 532 1988 post
562 1950 600 1978 v.
633 1933 715 1979 128
747 1938 1027 1977 collocandos
1060 1949 1183 1987 esse;
1218 1949 1304 1989 quo
1336 1938 1452 1977 facto
1485 1938 1599 1977 duae
1631 1942 1741 1977 stro-

243 2005 356 2053 phae
380 2007 614 2055 quinorum
635 2016 842 2044 versuum
865 2006 1094 2045 habentur.
1134 2006 1437 2044 Probaverunt
1467 2006 1549 2044 viri
1581 2006 1741 2045 doctis-

243 2073 344 2112 simi
376 2074 643 2113 sententiam
677 2073 724 2113 G.
757 2074 1041 2113 Hermannus
1080 2075 1132 2113 de
1172 2077 1249 2112 art.
1280 2085 1400 2123 poes.
1431 2075 1527 2114 buc.
1557 2087 1596 2124 p.
1628 2072 1656 2113 9
1697 2078 1741 2113 et

243 2142 491 2181 Ahrensius
522 2142 568 2180 in
600 2142 676 2188 ed„
708 2145 752 2180 et
783 2153 1054 2191 magnopere
1085 2142 1246 2189 laetor,
1279 2142 1395 2192 quod
1426 2143 1546 2191 prior
1582 2144 1743 2180 horum

242 2210 439 2245 extremo
470 2209 587 2248 vitae
618 2212 816 2259 tempore
849 2220 948 2248 eam
971 2209 1240 2248 sententiam
1272 2210 1443 2257 abjecit,
1476 2221 1609 2260 quam
1642 2221 1742 2249 con·

245 2278 422 2324 ceperat
462 2276 567 2314 olim
609 2281 788 2327 propter
827 2278 959 2327 Verg.
1002 2278 1078 2317 ecl.
1109 2277 1159 2317 V.
1189 2273 1248 2317 40
1278 2288 1370 2328 sqq.
1429 2278 1495 2316 De
1535 2278 1740 2317 versibus

244 2453 278 2486 p.
306 2442 403 2477 1335.
437 2442 494 2476 ed.
519 2442 583 2476 III.
616 2441 847 2486 Bernhardy.
874 2442 979 2486 Synt.
1011 2454 1045 2486 p.
1072 2442 1148 2478 230.
1196 2442 1386 2477 Particula
1411 2444 1486 2484 καί,
1513 2444 1624 2478 modo
1650 2444 1738 2477 reti-

242 2502 376 2534 neatur
395 2510 570 2534 versuum
588 2499 679 2533 ordo
697 2499 877 2542 vulga-ris,
904 2509 1013 2542 quem
1031 2502 1197 2532 mutasse
1215 2499 1440 2534 Abrensium
1457 2500 1581 2539 video,
1607 2501 1739 2534 eodem

242 2557 354 2589 modo
380 2556 658 2590 concludendae
678 2555 837 2589 orationi
854 2555 1024 2595 inservit,
1044 2566 1118 2598 quo
1137 2555 1277 2588 factum
1297 2559 1357 2589 est
1376 2556 1424 2589 id.
1441 2556 1467 2590 Ι.
1482 2557 1535 2591 60.
1562 2556 1663 2590 XXI.
1684 2557 1737 2590 61.

242 2611 424 2656 Exposuit
449 2611 729 2658 elegantissime
755 2612 801 2647 de
826 2613 895 2647 hoc
919 2623 990 2647 usu
1015 2611 1246 2647 Fritzschius
1269 2612 1292 2646 l.
1311 2613 1333 2646 1.
1351 2625 1386 2657 p.
1406 2615 1449 2648 54
1474 2614 1583 2657 eique
1610 2623 1738 2648 assen-

241 2679 305 2703 sus
331 2672 390 2703 est
413 2670 601 2704 Ameisius
636 2670 753 2714 praef.
779 2681 813 2713 p.
838 2669 919 2704 VII.
969 2669 1189 2714 Optativum
1227 2681 1249 2704 a
1284 2671 1407 2715 poetis
1445 2670 1624 2704 bucolicis
1658 2670 1739 2704 sine

242 2726 427 2771 particula
463 2726 628 2770 positum
671 2736 773 2768 esse,
814 2729 1049 2772 negaverunt
1084 2727 1322 2763 Hermannus
1360 2728 1407 2762 ad
1445 2727 1586 2762 Mosch.
1624 2738 1659 2771 p.
1685 2728 1738 2762 64.

241 2785 400 2819 Ahrens.
438 2784 529 2819 Phil.
559 2784 582 2818 1.
620 2784 643 2818 1.
681 2797 715 2829 p.
740 2785 805 2819 425
832 2795 906 2828 sq„
944 2785 1011 2819 sed
1047 2796 1131 2820 mea
1167 2786 1318 2830 quidem
1355 2785 1544 2819 sententia
1581 2785 1739 2819 calidius

243 2844 413 2887 egerunt.
462 2841 574 2885 Quod
598 2841 630 2876 si
662 2842 765 2877 solus
797 2841 986 2887 optativus
1012 2843 1114 2878 nullo
1140 2843 1250 2878 modo
1281 2843 1372 2878 ferri
1397 2846 1543 2888 potest,
1574 2842 1741 2877 scriben-

244 2899 331 2934 dum
356 2903 416 2936 est
441 2896 478 2937 κ’
505 2899 545 2938 ἐκ
567 2901 686 2936 τῶνδε.

1427 2958 1472 2995 5*
