1911 3215
913 99 972 144 78

188 218 369 270 quidem
399 220 477 257 aut
507 221 627 257 certe
656 216 865 268 promissi
886 218 1118 266 cuiusdam
1148 218 1316 258 mentio
1346 220 1483 259 fieret.
1524 220 1696 269 Quibus

187 286 335 326 causis
367 286 547 335 ductus,
584 285 898 335 jusjurandum
929 285 1037 325 illud
1067 286 1130 325 ita
1169 286 1214 325 in
1246 286 1470 330 Theocriti
1499 286 1697 330 fabulam

184 354 544 395 transferendum
564 364 664 395 esse
685 358 803 404 puto,
835 358 884 393 ut
905 354 1186 405 Daphnidem
1206 356 1457 394 existimem
1487 357 1533 395 in
1553 356 1697 405 prima

188 422 491 462 adolescentia
530 431 579 461 se
620 424 774 461 sancto
827 421 1020 473 quodam
1068 422 1290 473 promisso
1341 422 1510 463 Dianae
1558 422 1696 463 cultui

185 494 330 530 totum
371 490 606 530 addixisse.
666 489 814 540 Atque
854 491 969 530 hanc
1011 491 1140 531 deam
1181 503 1453 542 magnopere
1491 504 1516 530 a
1546 491 1694 542 Daph-

186 559 290 598 nide
322 558 485 598 cultam
516 567 635 606 esse,
668 560 711 596 et
742 562 896 608 aperte
929 558 1034 598 dicit
1063 559 1284 600 Diodorus
1316 570 1369 599 eo
1399 559 1519 608 loco,
1561 570 1694 611 quem

185 627 231 666 in
262 627 548 667 adnotatione
578 626 683 666 huic
712 627 905 676 paginae
933 627 1135 677 subjecta
1166 629 1374 668 excitavi:
1418 625 1695 681 μυῗτολογοῦσι

185 693 231 736 δὲ
258 688 330 735 τὸν
351 688 504 748 Δάφνιν
535 687 644 748 μετὰ
672 691 751 749 τῆς
772 687 1017 748 Ἀρτέμιδος
1045 698 1294 750 κυνηγετεῖν,
1325 689 1604 752 ὑπηρετοῦντα
1634 693 1690 750 τῇ

183 761 272 818 Qec}
301 761 605 817 κεχαρισμένως
641 757 715 803 καὶ
744 756 813 803 διὰ
847 761 924 818 τῆς
960 757 1146 817 σῦριγγος
1179 760 1252 805 καί
1289 762 1537 820 βουκολικῆς
1565 763 1693 820 μελῳ-

185 827 277 879 δίας
319 828 478 884 τέρπειν
508 825 641 886 αὐτὴν
687 825 983 884 διαφερόντως,
1034 837 1079 871 et
1108 834 1276 872 indicat
1306 834 1402 882 ejus
1439 833 1692 872 venationis

184 899 392 949 studium,
424 900 477 940 de
509 910 597 952 quo
629 899 679 953 cf.
702 900 821 942 Serv.
852 900 877 940 l.
899 901 924 941 l.
957 905 1000 942 et
1022 901 1206 942 Theocr.
1228 913 1293 953 ep.
1315 902 1364 943 II.
1387 902 1456 942 ΙΙΙ.
1495 901 1693 943 Caeliba-

184 972 281 1006 tum
311 968 450 1019 igitur
480 979 529 1007 se
561 972 764 1008 acturum
794 979 917 1017 esse,
949 970 1148 1019 Daphnis
1181 981 1330 1009 coram
1362 970 1446 1009 dea
1476 969 1694 1009 castitatis

183 1035 388 1086 praeside
421 1040 573 1076 sanct-e
605 1037 912 1078 affirmaverat.
972 1038 1068 1077 Hoc
1106 1039 1203 1087 ejus
1235 1038 1471 1078 consilium
1500 1036 1692 1078 Veneris

184 1105 383 1144 animum
432 1105 625 1145 laeserat
679 1106 944 1156 gravissime
1005 1106 1196 1158 ideoque
1244 1107 1413 1156 pastori
1461 1106 1694 1156 Nymphae

184 1184 384 1212 amorem
414 1174 671 1213 immiserat.
730 1175 885 1225 Neque
917 1185 1021 1214 vero
1064 1175 1178 1214 hanc
1209 1185 1400 1224 poenam
1440 1175 1503 1213 ita
1532 1174 1693 1214 intelli-

183 1241 378 1292 gendam
409 1251 510 1280 esse
541 1242 739 1289 arbitror,
762 1244 891 1292 quasi
923 1243 1006 1281 dea
1037 1254 1091 1281 ex
1121 1243 1318 1282 cruciatu
1350 1242 1529 1281 bubulci
1560 1246 1694 1300 atque

182 1309 464 1361 aegritudine
494 1322 705 1360 magnam
745 1312 969 1362 quandam
1000 1312 1274 1361 voluptatem
1306 1311 1571 1361 perceperit,
1614 1310 1694 1350 sed

183 1379 268 1418 hoc
298 1389 458 1427 unum,
508 1379 684 1431 opinor,
736 1380 848 1431 egit,
899 1383 948 1419 ut
979 1380 1165 1429 jamjam
1197 1382 1463 1430 agnosceret
1492 1378 1692 1430 Daphnis

182 1448 380 1487 numinis
413 1448 482 1486 sui
512 1449 758 1499 potentiam
791 1449 1153 1500 supplicibusque
1184 1449 1389 1499 precibus
1427 1459 1454 1487 a
1485 1457 1586 1488 sese
1616 1458 1691 1498 pe-

184 1570 381 1614 „quicum
413 1574 452 1604 et
482 1569 693 1603 venationis
726 1572 764 1603 et
794 1568 958 1603 musices
991 1568 1246 1613 peritissimus
1280 1571 1400 1610 esset,
1443 1568 1640 1604 adamatus
1671 1578 1693 1602 a

182 1627 350 1672 nympha
374 1629 446 1668 est,
483 1625 545 1671 qui
572 1625 685 1660 etiam
707 1626 958 1671 jurejurando
984 1625 1192 1661 adstrictus
1218 1628 1288 1666 est,
1325 1636 1371 1660 ne
1398 1635 1481 1660 cum
1507 1625 1580 1659 alia
1604 1634 1691 1660 con-

183 1685 412 1720 cumberet.“
477 1682 547 1716 His
586 1682 675 1716 addi
710 1686 889 1728 possunt,
932 1693 1028 1726 quae
1065 1682 1223 1726 protulit
1259 1682 1307 1716 ad
1345 1683 1505 1716 eundem
1542 1692 1693 1716 versum
1722 1692 1729 1698 ·

181 1741 220 1777 C.
246 1740 290 1776 G.
314 1740 475 1775 Mueller
500 1739 538 1773 in
563 1743 858 1784 programmate,
885 1739 987 1783 quod
1011 1739 1251 1774 inscribitur:
1285 1738 1564 1774 Commentaria
1585 1738 1691 1774 Juni-

177 1799 219 1834 lii
242 1797 404 1843 magn-ii,
440 1797 482 1832 Τ.
510 1796 609 1831 Galli
634 1800 673 1831 et
697 1796 903 1831 Gaudentii
936 1797 973 1830 in
1001 1796 1150 1841 Virgilii
1184 1798 1329 1840 septem
1354 1796 1502 1840 priores
1528 1797 1692 1842 eclogas,

178 1866 277 1891 nunc
301 1855 464 1900 primum
488 1863 534 1889 ex
560 1854 690 1890 codice
708 1853 896 1889 Beruensi
921 1854 1034 1888 edita.
1069 1852 1339 1897 Rudolphipoli
1360 1853 1459 1889 1847.
1496 1852 1691 1898 „Daphnis

179 1916 313 1957 pastor
337 1912 397 1948 hic
423 1923 506 1948 cum
542 1915 688 1947 amaret
714 1910 965 1947 Caedinam
999 1912 1200 1956 nympham
1226 1914 1264 1945 et
1300 1911 1411 1946 fidem
1448 1911 1482 1945 ei
1509 1911 1689 1952 dedjsset‚

181 1972 375 2013 expertem
400 1978 441 2013 se
467 1968 631 2004 omnium
655 1969 878 2004 feminarum
904 1970 1058 2011 praeter
1083 1978 1185 2008 eam,
1212 1968 1358 2011 juravit
1383 1968 1624 2011 (pejeravit?)
1651 1970 1690 2002 et

179 2025 218 2061 in
244 2023 435 2070 quandam
460 2026 662 2070 nympham
688 2025 818 2070 lapsus
839 2029 909 2066 est,
929 2028 966 2059 et
985 2026 1032 2059 ob
1058 2025 1128 2059 hoc
1146 2025 1333 2069 pejurium
1357 2024 1507 2057 luminis
1533 2025 1689 2059 orbatus

183 2086 253 2123 est,
280 2082 457 2116 carminis
482 2086 609 2116 tamen
633 2083 771 2116 meruit
796 2082 955 2115 scientia
980 2085 1018 2115 et
1043 2081 1270 2115 venerabilis
1295 2081 1396 2114 inter
1419 2084 1595 2124 pastores
1619 2082 1691 2116 fuit

179 2149 250 2185 pro
270 2139 447 2174 carmine.
488 2138 704 2174 ,Iunilius
730 2138 854 2174 dicit“.
888 2138 992 2174 Haec
1018 2138 1145 2173 statim
1166 2139 1468 2182 subsequuntur:
1496 2137 1689 2184 „Daphnis

178 2194 359 2233 Mercurii
385 2199 423 2231 et
446 2192 590 2230 uersae
613 2196 730 2237 filius,
764 2196 802 2230 in
829 2196 955 2231 Sicilia
985 2199 1116 2240 pastor
1141 2195 1297 2231 eximiae
1322 2196 1465 2233 formae
1489 2196 1608 2232 fuisse
1634 2196 1688 2231 di-

179 2253 311 2290 citur.“
359 2253 517 2299 Integra
556 2254 649 2289 haec
687 2253 829 2287 scholia
866 2253 993 2294 attuli,
1035 2253 1211 2298 quoniam
1252 2253 1445 2289 continent
1489 2253 1686 2299 quaedam,

179 2313 317 2357 quibus
342 2322 451 2346 nemo
478 2311 600 2346 adhuc
637 2321 728 2345 usus
768 2315 837 2346 est.
887 2311 1121 2356 Quamquam
1146 2322 1191 2346 ea
1223 2311 1311 2346 ficta
1336 2321 1421 2346 esse
1447 2321 1469 2346 a
1501 2321 1687 2356 gramma—

178 2369 276 2411 tico,
307 2368 510 2403 admodum
534 2368 739 2404 verisimile
764 2373 867 2414 puto.
916 2369 1073 2403 Pactum
1099 2368 1301 2413 quoddam,
1327 2378 1401 2403 non
1421 2368 1687 2412 jusjurandam

180 2428 452 2463 commemorat
487 2424 631 2459 Aelian.
657 2425 701 2460 V.
727 2424 772 2460 H.
810 2426 855 2460 X.
883 2427 941 2460 18:
981 2424 1155 2470 συνθήκας
1191 2424 1232 2461 δὲ
1272 2419 1507 2469 §miricam-0,
1530 2425 1687 2474 μηδεμιᾷ

177 2480 265 2533 ἄλλῃ
283 2480 478 2520 πλασιάσαι
497 2478 611 2519 αὐτόν.
646 2481 744 2518 Vide
764 2483 877 2518 etiam
898 2493 994 2527 quae
1019 2481 1072 2516 ibi
1092 2485 1312 2526 sequuntur.
1345 2481 1528 2517 Neutrum
1545 2481 1687 2528 legitur

176 2541 280 2587 apud
303 2538 417 2575 Diod.
445 2538 518 2574 Sic.
538 2538 602 2573 IV.
627 2539 672 2574 84
697 2544 735 2576 et
759 2541 885 2575 Parth.
910 2540 1019 2574 Narr.
1046 2540 1126 2573 Am.
1152 2539 1207 2579 29,
1234 2539 1302 2573 sed
1327 2539 1418 2575 dicit
1442 2539 1521 2575 ille:
1549 2540 1687 2586 λέγουσι

178 2596 218 2635 δὲ
241 2594 350 2635 αὖτοῦ
374 2597 457 2644 μίαν
481 2596 550 2632 τῶν
574 2594 733 2642 Νυμφῶν
758 2596 968 2642 ἐρασθεῖσαν
992 2599 1184 2642 προειπεῖν,
1211 2595 1271 2632 ἐὰν
1295 2593 1381 2645 ἄλλῃ
1406 2597 1470 2634 τινὶ
1492 2596 1684 2646 πλασιοὶσῃ,

177 2655 465 2701 στερηθήσεσθαι
488 2655 553 2699 τῆς
577 2651 750 2699 ὁράσεως,
783 2654 842 2688 hic
867 2654 905 2688 in
931 2655 1089 2689 eandem
1115 2654 1355 2688 sententiam:
1381 2654 1505 2691 τούτου
1530 2655 1683 2700 λέγουσιν

170 2708 370 2758 Ἐχεναῒδα
398 2711 537 2758 νύμφην
569 2710 777 2756 ἐρασθεῖσαν
806 2709 1136 2755 παρακελεύσασθαι
1169 2705 1264 2758 αὐτῷ
1295 2710 1429 2757 γυναικὶ
1460 2710 1510 2757 μὴ
1534 2708 1683 2757 πλησιά-

176 2771 256 2811 ζειν·
281 2768 332 2816 μή
355 2770 561 2816 πειθομένου
591 2766 657 2815 γὰρ
697 2762 803 2804 αὐτοῦ
840 2765 1085 2814 συμβήσεσθαι
1118 2765 1181 2808 τὰς
1217 2764 1314 2812 ὄψεις
1349 2765 1549 2816 ἀποβαλεῖν.
1596 2766 1683 2804 Jus-

172 2826 378 2872 jurandum
399 2828 479 2871 jam
507 2836 530 2861 a
554 2826 711 2861 Timaeo
735 2824 917 2859 omissum
940 2824 1104 2865 videtur,
1128 2824 1197 2860 sed
1222 2824 1370 2871 injuria.
