1911 3215
966 55 997 97 4

225 170 407 220 saevit“‚
450 172 553 213 ferri
598 182 689 212 non
731 173 880 221 potest
924 175 1179 222 propterea,
1226 175 1344 226 quod
1389 175 1528 225 ipsius
1575 175 1735 216 hiemis

226 243 376 294 imago
408 253 460 282 eo
490 242 588 282 loco
631 243 733 281 ante
774 241 928 281 oculos
974 244 1152 282 nostros
1196 244 1387 293 ponitur.
1448 243 1554 284 Inde
1601 246 1736 286 etiam

228 313 392 353 factum
438 314 567 362 puto,
619 313 667 349 ut
710 310 903 350 Weisius
954 310 1020 350 ed.
1065 313 1167 351 ster.
1216 323 1255 361 p.
1308 307 1400 351 178.
1451 311 1612 353 hiemis
1662 313 1736 353 de-

230 382 512 433 scriptionem
553 390 639 420 vss.
678 376 705 418 7
746 389 858 431 sqq,
903 379 1089 419 aestatis
1131 389 1219 420 vss.
1271 375 1323 419 15
1375 392 1467 433 sqq.
1518 380 1734 421 contineri

228 453 413 504 putaret.
474 449 689 490 Omnibus
720 449 789 488 his
822 448 969 488 causis
1001 452 1252 489 commotus
1289 449 1436 489 locum
1477 451 1733 500 corruptum

231 531 331 562 esse
363 520 585 568 existimo,
629 518 981 570 conjiceremque
1021 521 1201 568 poetam
1244 519 1451 569 posuisse
1496 514 1622 571 φαγοί
1665 529 1735 571 μοι

232 584 452 644 φρύγονται
475 595 558 640 'pro
588 582 713 640 φαγοὶ
740 582 1042 640 χειμαίνοντος,
1080 587 1167 626 nisi
1203 588 1248 627 id
1278 600 1305 627 a
1335 589 1563 628 literarum
1595 587 1734 629 ducti-

232 660 314 700 bus
344 659 474 710 paulo
506 658 684 709 longius
716 658 874 697 abesse
902 657 1209 707 intelligerem.
1269 657 1357 696 Res
1379 660 1478 696 utut
1499 660 1578 704 est,
1611 656 1733 706 glan-

232 729 310 768 des
342 730 461 767 certe
483 726 705 766 Theocriti
736 726 832 765 loco
863 724 1149 764 vindicandas
1172 724 1389 772 existimo,
1422 736 1588 776 easque
1616 724 1733 775 apud

230 797 379 848 plures
410 794 685 847 antiquitatis
718 797 875 845 gentes
906 805 985 845 pro
1016 794 1113 834 cibo
1135 796 1371 845 usurpatas
1395 804 1507 842 esse,
1539 794 1734 834 ostendit

232 869 275 904 et
305 865 501 904 Platonis
532 865 656 903 locus
688 874 822 913 supra
851 863 1058 902 laudatus
1090 866 1134 902 et
1164 862 1322 902 Strabo
1353 875 1392 912 p.
1426 857 1528 910 155,
1570 862 1646 901 ubi
1666 862 1732 901 de

231 933 472 980 Lusitanis,
517 936 560 971 et
600 944 637 983 p.
669 928 773 979 734,
816 932 893 971 ubi
941 932 995 971 de
1035 932 1182 971 Persis
1226 931 1430 983 loquitur.
1492 930 1549 971 Cf.
1597 930 1732 970 etiam

230 1001 428 1041 Curtium
458 1001 747 1051 Peloponnes.
778 1001 807 1039 Ι.
840 1013 878 1051 p.
909 997 990 1040 157
1022 1012 1084 1053 sq.
1144 1000 1310 1040 Verum
1341 999 1521 1040 redeam
1553 999 1609 1039 ad
1637 1010 1731 1038 rem

223 1069 511 1118 propositam.
573 1069 799 1118 Vergilius
831 1069 900 1108 his
942 1069 1185 1119 repudiatis
1226 1069 1271 1108 in
1315 1079 1367 1108 eo
1408 1071 1558 1108 tamen
1590 1067 1732 1106 Theo-

222 1135 380 1174 critum
421 1136 673 1174 aemulatus
715 1140 805 1181 est,
848 1138 966 1187 quod
997 1138 1298 1177 Romanorum
1338 1148 1485 1177 mores
1526 1137 1732 1187 spectans

219 1204 378 1243 moreti
410 1203 613 1242 meminit
644 1204 720 1242 ecl.
753 1204 801 1242 ΙΙ.
836 1200 890 1241 10
921 1214 1004 1253 sq.,
1046 1205 1101 1241 ad
1135 1215 1266 1255 quem
1298 1206 1445 1244 locum
1476 1205 1576 1244 vide
1618 1215 1731 1256 quae

220 1271 411 1312 Vossius
444 1271 684 1310 adnotavit.
746 1270 910 1310 Contra
941 1271 996 1310 id.
1016 1271 1108 1319 VII,
1139 1267 1194 1310 65
1226 1283 1330 1323 sqq„
1362 1272 1437 1311 ubi
1465 1282 1731 1312 commemo-

219 1343 342 1380 ratur
370 1339 526 1378 vinum
556 1339 1005 1388 praestantissimum,
1036 1343 1168 1387 poeta
1189 1340 1419 1379 Romanus
1451 1344 1555 1379 ante
1577 1341 1731 1380 oculos

223 1407 382 1445 habuit
412 1393 490 1444 ecl.
519 1405 571 1443 V.
601 1401 659 1443 69
690 1415 782 1454 sqq.
844 1405 930 1443 Cur
959 1406 1021 1443 ibi
1052 1406 1155 1444 vina
1185 1407 1365 1445 Ariusia
1394 1408 1646 1457 protulerit,
1688 1411 1732 1446 et

226 1471 417 1511 Vossius
449 1471 684 1521 explicavit
722 1471 767 1511 in
808 1470 1094 1512 adnotatione
1137 1477 1180 1513 et
1210 1475 1419 1515 Klausen.
1461 1476 1515 1515 de
1546 1476 1655 1516 Aen.
1687 1480 1732 1516 et

230 1541 379 1580 Penat.
410 1540 438 1578 Ι.
468 1551 507 1589 p.
538 1535 633 1580 533.

344 1607 568 1660 Sequitur,
611 1610 659 1647 ut
699 1607 842 1648 dicam
891 1608 944 1649 de
981 1609 1272 1663 familiaritate,
1319 1625 1432 1665 quae
1476 1616 1729 1664 pastoribus

228 1678 456 1727 utriusque
506 1680 665 1725 poetae
715 1689 814 1716 cum
861 1679 1039 1730 qreqibus
1087 1683 1165 1719 suis
1222 1681 1464 1722 intercedit.
1544 1682 1728 1724 Silentio

222 1744 474 1783 transmitto
508 1743 652 1784 baculi
684 1756 824 1793 usum,
857 1757 989 1797 quem
1012 1759 1281 1801 quamquam
1302 1751 1602 1791 Romanorum
1624 1763 1729 1803 quo-

220 1822 305 1862 que
335 1812 592 1861 pastoribus
634 1813 917 1852 tribuendum
959 1825 1081 1864 esse,
1120 1821 1304 1867 apparet
1350 1830 1402 1857 ex
1440 1820 1605 1859 Colum.
1640 1821 1728 1861 VII.

212 1875 249 1918 3.
301 1882 423 1926 extr„
475 1869 626 1918 tar'nen
676 1880 719 1919 in
772 1882 869 1929 ejus
922 1882 1220 1933 descriptione
1269 1886 1496 1936 Vergilius
1547 1888 1623 1927 ecl.
1676 1888 1727 1927 V.

211 1942 269 1986 88
300 1957 405 1998 sqq.,
436 1947 481 1986 id
513 1947 633 1998 quod
658 1948 754 1996 jam
786 1949 975 1989 Ursinus
1005 1952 1189 2000 putavit,
1220 1953 1404 1992 Theocr.
1425 1954 1480 1993 id.
1507 1955 1641 1994 XVII.
1672 1951 1725 1994 31

213 2018 444 2063 spectasse
491 2014 677 2053 videtur.
756 2016 905 2065 Magis
956 2017 1064 2055 illud
1114 2023 1363 2060 memoratu
1414 2022 1597 2073 dignum
1648 2027 1727 2072 est,

218 2080 337 2129 quod
369 2080 485 2128 apud
515 2080 802 2119 Theocritum
834 2093 968 2132 saepe
1000 2084 1191 2134 legimus
1223 2089 1432 2130 animalia
1472 2093 1725 2133 nominibus

219 2149 295 2183 aut
325 2155 429 2183 vere
468 2147 658 2196 propriis
695 2151 773 2187 aut
812 2160 838 2188 a
878 2152 1074 2202 corporis
1117 2156 1381 2206 quibusdam
1423 2163 1539 2201 notis
1581 2163 1724 2203 ductis

220 2213 442 2262 appellata
481 2213 620 2254 fuisse
663 2215 729 2263 (cf.
761 2217 815 2257 id.
847 2219 874 2258 I.
910 2216 999 2260 149.
1042 2223 1109 2262 III.
1141 2220 1177 2264 5.
1225 2226 1295 2266 IV.
1326 2223 1382 2266 45
1413 2240 1474 2282 sq.
1536 2231 1585 2271 V.
1630 2227 1723 2272 102.

216 2281 328 2321 VIII.
359 2277 424 2321 27.
455 2277 521 2323 65.
552 2277 651 2332 85*)
685 2287 728 2325 et
755 2285 901 2327 locum
932 2289 1122 2332 similem
1165 2305 1228 2345 ep.
1261 2297 1289 2335 I.
1320 2293 1366 2344 5,
1408 2299 1483 2337 ubi
1525 2299 1661 2338 verba
1700 2292 1721 2339 ὅ

215 2346 367 2400 μᾶλος,
420 2363 533 2401 quae
580 2364 603 2391 e
650 2354 740 2393 cod.
786 2357 872 2396 Pal.
918 2366 1181 2411 receperunt
1231 2364 1366 2404 etiam
1411 2364 1636 2409 Ameisius
1679 2373 1723 2410 et

214 2417 481 2469 Ahrensius‚
524 2426 702 2463 auctore
743 2426 907 2467 Bachio
951 2430 1131 2479 Quaest.
1162 2432 1224 2472 El.
1266 2433 1388 2483 Spec.
1420 2447 1457 2485 p.
1490 2433 1545 2476 25
1588 2439 1721 2479 ducem

206 2492 354 2540 pecoris
384 2490 635 2540 significare
665 2494 898 2544 videntur),
930 2498 974 2537 id
1006 2499 1123 2549 apud
1147 2500 1392 2551 Vergilium
1416 2515 1504 2544 non
1526 2507 1720 2557 reperiri.
1762 2511 1766 2514 ’

207 2556 476 2609 Excipienda
506 2563 655 2602 tamen
688 2574 848 2605 canum
881 2568 1063 2608 nomina
1096 2572 1211 2617 sunt,
1243 2582 1356 2621 quae
1389 2585 1550 2622 graeca
1578 2575 1719 2616 forma

226 2768 233 2775 ι
296 2713 324 2757 *)
352 2714 471 2750 Omisi
496 2729 645 2753 versum
673 2722 727 2760 51,
753 2721 930 2765 quoniam
957 2723 1004 2757 de
1029 2724 1100 2758 hoc
1125 2726 1229 2759 recte
1256 2726 1434 2763 statuisse
1460 2733 1550 2774 puto
1574 2732 1717 2767 Ahreu·

204 2779 309 2811 s1um,
334 2770 372 2805 in
398 2774 504 2817 cujus
530 2775 696 2812 editione
722 2780 781 2812 est
808 2788 840 2812 v.
867 2779 922 2813 50.

1881 241 1911 1087 k<

1894 1163 1911 1347 l

1903 1514 1911 1623 ἒ

1906 1642 1911 1664 ³

1904 1669 1911 1703 ’ἓ
