1911 3215
889 95 947 140 45

170 212 275 251 vani
313 212 511 265 irritique
541 214 705 253 laboris
735 214 979 264 imaginem
1009 213 1357 264 pulcherrimam
1390 216 1493 253 ante
1525 213 1677 252 oculos

173 283 351 322 nostros
381 286 538 334 ponat,
577 283 805 323 Romanus
835 285 1010 334 praeter
1040 293 1220 331 sonum,
1252 281 1307 321 de
1338 293 1424 333 quo
1449 282 1545 331 jam
1578 280 1677 329 dixi,

176 348 450 401 dactylorum
477 350 726 403 frequentia
746 351 910 390 malam
933 351 1216 391 sedulitatem
1237 350 1403 401 optime
1422 347 1676 400 significat).

175 418 322 470 Atque
352 420 465 458 haec
487 420 664 471 quidem
685 419 865 458 brevius
887 431 913 458 a
932 430 1004 458 me
1034 419 1213 459 tractari
1233 420 1461 469 poterant3
1494 417 1675 456 uberius

177 486 413 526 dicendum
436 491 504 527 est
525 487 580 527 de
602 500 767 528 caesura
789 487 970 535 bucolica,
993 498 1124 538 quam
1145 499 1172 527 a
1193 485 1429 526 Theocrito
1452 487 1678 535 acceptam

178 565 395 605 persaepe
435 557 666 606 usurpavit
704 559 835 605 poeta
870 557 1117 604 Romanus,
1166 555 1526 606 quandoquidem
1566 564 1679 604 quae

175 621 230 663 de
252 633 305 663 ea
326 623 664 675 disputaverunt
682 623 1001 664 Valckenarius
1022 623 1068 663 in
1090 635 1154 674 ep.
1176 623 1232 678 ad
1250 624 1434 663 Roever.
1455 634 1494 673 p.
1514 621 1595 661 XV
1616 630 1677 673 sq.

176 695 221 730 et
249 692 641 732 Worthsworthius
682 694 727 732 in
765 693 1058 743 praefatione,
1100 703 1189 731 non
1228 691 1433 731 sufficere
1462 690 1680 740 perspexi.

173 759 207 799 E
238 761 463 802 veteribus
494 762 815 813 grammaticis,
848 761 922 814 qui
955 761 1008 801 de
1040 770 1225 801 caesura
1255 759 1456 800 bucolica
1488 768 1680 798 comme-

172 834 466 879 moraverunt,
493 831 635 880 primo
656 831 753 869 loco
777 830 1034 869 excitandus
1057 833 1127 869 est
1146 829 1505 868 Terentianus
1533 827 1678 866 Mau·

172 908 259 938 rus
291 899 416 948 cujus
446 908 533 939 vss.
555 893 840 939 2123—2134
861 897 927 937 ed.
948 897 1217 937 Lachmann.
1244 897 1356 936 haec
1387 899 1492 937 sunt
1521 895 1677 936 verba:

381 984 600 1025 „Pastorale
624 984 727 1018 volet
752 994 834 1017 cum
860 984 945 1026 quis
970 993 1195 1026 componere
1221 993 1383 1023 carmen,

380 1042 644 1074 tetrametrum
669 1040 852 1079 absolvat,
879 1039 939 1073 cui
963 1039 1087 1083 portio
1112 1039 1275 1074 demitur
1299 1039 1384 1079 ima,

381 1107 478 1141 quae
504 1097 626 1132 solido
652 1107 674 1131 a
697 1098 814 1131 verbo
839 1096 981 1141 poterit
1006 1099 1230 1133 connectere
1255 1107 1428 1132 versum:

381 1154 580 1189 bucolicon
606 1154 793 1198 siquidem
817 1154 930 1189 talem
954 1155 1108 1190 voluere
1133 1155 1273 1189 vocari.

379 1211 562 1256 plurimus
587 1212 658 1247 hoc
683 1211 799 1256 pollet
826 1211 972 1248 Siculae
997 1213 1142 1248 telluris
1168 1212 1348 1247 alumnus.

379 1280 425 1304 ne
451 1269 637 1305 Graecum
662 1269 847 1305 inmittam
871 1281 1034 1311 versum,
1060 1271 1213 1305 mutabo
1238 1269 1427 1310 Latinum,

377 1325 490 1361 Dulce
514 1327 575 1361 tibi
590 1328 698 1371 pinus
723 1327 996 1368 submurmurat,
1022 1338 1065 1362 en
1089 1328 1158 1368 tibi,
1176 1330 1318 1373 pastor,

372 1384 546 1428 proxima
567 1384 767 1427 fonticulis:
792 1388 826 1417 et
851 1387 887 1417 tu
912 1394 1049 1428 quoque
1074 1386 1190 1419 dulcia
1206 1386 1348 1429 panqis,

376 1440 525 1486 jugiter
549 1441 644 1476 hanc
668 1440 792 1486 legem
817 1443 898 1475 toto
924 1451 1044 1486 prope
1070 1442 1236 1477 carmine
1262 1443 1401 1482 servat,

381 1500 513 1532 noster
539 1508 649 1532 rarus
675 1508 720 1532 eo
745 1501 879 1541 pastor
902 1498 1022 1539 Maro,
1048 1499 1115 1533 sed
1139 1502 1266 1534 tamen
1289 1499 1412 1542 inquit

381 1555 436 1588 dic
460 1553 552 1595 mihi,
577 1553 762 1594 Damoeta,
789 1556 904 1598 cujum
925 1557 1062 1600 pecus?
1086 1566 1132 1590 αη
1155 1555 1342 1591 Meliboei?

380 1622 458 1651 non,
483 1623 603 1646 verum
628 1611 796 1655 Aeyonis:
819 1622 932 1656 nuper
957 1612 1039 1646 milei
1063 1613 1212 1647 tradidit
1234 1613 1387 1657 Aeqon.“

175 1696 491 1736 Terentianum
531 1698 838 1735 tetrametrum
871 1707 972 1736 eum
1005 1697 1280 1748 significare,
1332 1698 1458 1746 cujus
1499 1696 1682 1737 ultimus

173 1775 253 1815 pes
286 1765 486 1815 dactylus
519 1765 594 1812 sit,
635 1769 856 1804 testantur
885 1761 1060 1815 praeter
1101 1763 1341 1806 conversos
1373 1767 1597 1806 Theocriti
1639 1770 1683 1804 et

175 1833 334 1872 allatos
356 1833 542 1882 Vergilii
572 1833 804 1883 Pomponii
826 1833 1017 1873 Secundi
1047 1845 1216 1883 versus,
1249 1845 1359 1886 quos
1391 1836 1437 1874 in
1467 1834 1679 1885 proximis

174 1901 418 1952 subjicit'v.
449 1896 563 1942 2138
593 1912 684 1954 sqq.
747 1902 980 1952 Dactylum
1021 1903 1065 1942 in
1098 1907 1255 1955 quarta
1294 1914 1451 1945 versus
1495 1904 1678 1954 regione

171 1974 344 2022 partem
375 1972 587 2011 orationis
624 1971 749 2010 finire
782 1972 962 2020 debere,
1005 1972 1042 2011 si
1075 1973 1254 2023 quidem
1295 1984 1451 2024 revera
1481 1976 1674 2011 metrum

173 2040 404 2081 bucolicon
426 2040 744 2081 nominandum
765 2041 831 2089 sit,
849 2040 1071 2081 affirmant
1093 2042 1525 2082 etiamDiomedes
1543 2036 1677 2092 p.463

174 2110 239 2149 ed.
269 2109 403 2149 Gaisf.
434 2110 654 2158 „Bucolici
686 2114 799 2158 sunt,
832 2111 1036 2162 quotiens
1067 2111 1112 2151 in
1135 2113 1292 2163 quarta
1321 2111 1507 2162 regione
1530 2110 1678 2160 dacty—

174 2179 243 2218 lus
260 2179 418 2217 finiens
440 2182 611 2228 partem
629 2179 841 2219 orationis
859 2176 1123 2218 invenitur“:
1141 2178 1354 2218 Servius
1370 2180 1676 2218 Honoratus

176 2250 320 2288 centim.
340 2259 380 2297 p.
400 2242 486 2285 369
516 2248 794 2295 .‚Bucolicum
826 2252 1000 2286 constat
1030 2248 1286 2286 hexametro
1319 2247 1585 2294 catalectico,
1615 2246 1677 2284 ita

174 2320 223 2356 ut
254 2320 437 2369 quartus
469 2316 669 2367 dactylus
699 2320 869 2367 partem
901 2317 1109 2355 terminet
1147 2316 1379 2363 orationis,
1416 2320 1465 2355 ut
1495 2319 1564 2355 est
1593 2315 1678 2354 hoc

403 2392 560 2426 Rustica
585 2392 782 2425 silvestres
807 2393 961 2425 resonat
990 2392 1087 2425 bene
1109 2390 1234 2425 fistula
1259 2394 1425 2425 cantus.“

177 2465 368 2518 denique
397 2466 597 2508 Marius
628 2466 833 2507 Plotius
868 2466 912 2505 in
944 2475 1134 2516 operosa
1165 2469 1210 2505 et
1239 2466 1385 2506 inutili
1417 2465 1677 2517 quaestione

178 2533 232 2572 de
264 2534 454 2585 singulis
485 2536 672 2586 pedibus
704 2535 889 2574 bucolici
920 2534 1165 2573 hexametri
1195 2546 1235 2584 p.
1255 2530 1339 2574 254
1362 2544 1423 2585 sq.
1455 2534 1518 2572 ed.
1541 2532 1675 2572 Gaisf.

179 2606 224 2643 et
252 2603 443 2643 bucolici
473 2605 721 2646 tetrametri
751 2617 790 2656 p.
821 2599 902 2645 261
936 2614 1027 2655 sqq.
1067 2604 1181 2645 Nam
1213 2604 1318 2644 dicit
1354 2616 1392 2654 p.
1423 2598 1516 2643 254.
1556 2599 1592 2650 ξ.
1623 2597 1679 2642 26

176 2672 311 2720 „Nam
331 2671 385 2711 de
407 2676 563 2724 quarto
584 2675 711 2715 nulla
731 2673 932 2726 quaestio
952 2676 1022 2712 est
1043 2673 1160 2725 quod
1180 2672 1381 2723 dactylus
1404 2668 1495 2711 sit.“
1524 2683 1562 2722 p.
1583 2665 1678 2711 261.

177 2738 212 2788 ξ.
234 2738 289 2781 53
319 2742 454 2791 „Nam
478 2747 661 2793 quartus
685 2755 860 2795 semper
884 2743 1084 2793 dactylus
1106 2744 1164 2782 sit
1186 2752 1370 2782 necesse
1393 2745 1461 2781 est
1481 2742 1527 2780 in
1547 2741 1681 2780 buco-

174 2808 259 2850 lico
289 2809 582 2852 hexametr0.“
620 2825 660 2863 p.
682 2809 777 2855 262.
800 2811 836 2862 ξ.
858 2808 922 2852 55.
953 2811 1047 2861 „Sic
1080 2823 1186 2863 ergo
1216 2810 1467 2851 bucolicum
1501 2810 1680 2863 quidem
