1911 3215
956 88 1012 134 26

235 206 392 248 Graeci
423 208 685 250 auctoritate
723 206 778 247 id.
807 205 876 245 III.
907 201 936 244 7
974 208 1019 244 et
1057 205 1129 246 IV.
1159 199 1227 246 59.
1285 204 1434 258 Atque
1474 204 1586 246 haec
1625 204 1735 246 mihi

235 288 371 318 causa
402 281 489 327 est,
531 288 608 317 cur
636 276 835 316 Ameisio
876 274 1120 322 adsentiar,
1162 274 1236 326 qui
1266 274 1379 315 Adn.
1408 286 1449 325 p.
1481 269 1551 322 19,
1583 286 1736 326 quam·

234 358 367 399 quam
397 347 492 397 ipse
532 347 578 386 in
611 346 804 386 editione
835 343 965 384 aliter
1005 335 1455 396 statuit,·'Epm15).0;
1493 346 1537 383 et
1558 335 1737 396 Ἐρωτίς

231 416 371 455 literis
420 416 678 464 majusculis
724 413 1029 463 reponendum
1078 412 1259 463 putavit.
1339 412 1464 461 Quae
1515 414 1737 453 sententia

230 487 466 534 propterea
498 485 630 524 etiam
660 490 880 532 magnam
898 480 1098 520 veritatis
1130 480 1324 531 speciem
1354 480 1519 520 habere
1549 481 1735 531 videtur,

232 552 350 604 quod
389 553 433 592 in
465 553 547 591 hac
592 553 688 601 ipsa
730 561 797 598 re,
848 550 925 589 ubi
968 550 1113 600 potuit
1142 549 1392 600 Vergilius,
1444 553 1625 591 secutus
1666 555 1735 592 est

232 621 525 661 Theocritum.
576 619 751 659 Etenim
782 618 982 670 conjugem
1010 629 1089 668 pro
1120 618 1268 668 puella
1298 621 1447 658 amata
1475 620 1625 668 posuit
1656 621 1733 661 ecl.

230 690 340 729 VIII.
374 684 427 728 18
477 687 588 736 (coll.
619 688 800 727 Theocr.
831 686 886 727 id.
917 686 988 725 VI.
1020 680 1104 734 26),
1150 698 1229 736 pro
1262 690 1410 726 amato
1433 687 1600 736 juvene
1630 687 1733 729 ibid.

231 753 289 797 66
320 756 430 806 (coll.
461 758 516 798 id.
547 758 594 797 II.
625 753 681 805 3).
710 776 768 783 —
797 756 897 795 Alia
929 767 1065 806 quum
1093 758 1269 805 posset,
1307 758 1460 795 tamen
1496 757 1640 796 noluit
1677 757 1731 796 ab

228 829 407 864 auctore
438 835 677 864 assumere.
737 824 776 863 A
808 823 1094 864 deminutivis
1137 823 1256 863 enim
1297 826 1341 864 et
1379 823 1732 876 hypocoristicis‚

227 905 338 945 quae
379 894 615 945 aliquoties
656 894 773 944 apud
804 893 1092 933 Theocritum
1131 892 1420 931 inveniuntur
1460 891 1526 941 (cf.
1556 896 1733 944 praeter

225 962 294 1002 III.
325 958 362 1002 7.
421 963 492 1002 IV.
523 958 579 1001 59
610 962 745 1001 etiam
793 961 865 1002 IV.
895 957 960 1001 20.
993 956 1058 1000 55.
1090 955 1156 1001 58.
1195 961 1247 1001 V.
1276 957 1344 1001 40.
1404 961 1495 1001 VII.
1536 957 1603 1002 51.
1635 958 1731 1002 132.

225 1031 293 1070 ΧΙ.
324 1026 390 1071 60.
433 1032 542 1071 ΧΙΙΙ.
574 1027 644 1079 12)
677 1034 721 1070 et
750 1031 796 1070 in
828 1030 963 1070 simili
991 1039 1184 1080 poeseos
1216 1040 1393 1081 genere,
1424 1041 1480 1070 ne
1512 1030 1732 1070 Catullum

224 1102 385 1139 testem
418 1101 620 1147 excitem,
661 1111 827 1150 magna
857 1110 957 1139 cum
989 1099 1208 1138 suavitate
1240 1099 1358 1148 apud
1387 1099 1550 1138 Moreti
1581 1103 1731 1137 aucto-

224 1179 338 1216 rem,
376 1168 607 1219 ingenium
632 1168 783 1219 ipsum
813 1168 1012 1208 Maronis
1044 1179 1176 1220 quam
1205 1168 1398 1208 maxime
1429 1167 1728 1216 abhorruisse,

225 1240 344 1277 recte
394 1238 500 1276 dixit
549 1237 747 1287 Silligius
793 1247 987 1287 proeem.
1045 1237 1156 1276 Mor.
1205 1249 1244 1286 p.
1280 1232 1367 1276 308
1417 1237 1483 1276 ed.
1526 1237 1728 1288 Wagner.

222 1307 332 1346 Item
363 1317 416 1346 ex
456 1306 637 1357 ingenio
677 1308 838 1357 poetae
878 1305 1170 1356 repetendum
1210 1309 1340 1356 puto,
1382 1305 1499 1358 quod
1537 1305 1728 1356 elliptico

222 1375 396 1414 dicendi
427 1385 591 1425 genere
623 1386 649 1413 a
669 1374 906 1414 Theocrito
937 1374 1088 1414 multis
1119 1374 1230 1413 locis
1254 1374 1483 1424 eleganter
1513 1377 1728 1425 usurpato

222 1444 361 1484 semel
402 1446 577 1482 tantum
615 1453 725 1483 usus
766 1446 835 1482 est
876 1442 953 1483 ecl.
984 1443 1051 1483 IX.
1084 1439 1129 1492 1,
1170 1446 1305 1495 atque
1345 1442 1390 1483 id
1426 1454 1482 1483 ne
1522 1443 1568 1482 in
1608 1443 1728 1483 hunc

221 1512 399 1564 quidem
430 1512 577 1552 locum
600 1512 879 1552 adhibiturus
909 1511 1079 1560 fuisset,
1110 1512 1197 1551 nisi
1229 1522 1253 1551 e
1277 1512 1481 1563 sequenti
1512 1512 1729 1562 singulari

219 1591 403 1620 numero
435 1582 539 1622 ducit
568 1580 697 1621 facile
728 1581 784 1620 ad
805 1581 942 1621 verba
971 1580 1120 1631 priora
1140 1590 1355 1620 numerus
1375 1580 1558 1631 pluralis
1580 1581 1727 1622 ducunt

217 1650 357 1700 repeti
388 1650 609 1700 potuisset
626 1648 672 1697 *).
702 1669 760 1675 —
791 1650 954 1690 Contra
983 1653 1144 1700 poetae
1176 1649 1334 1690 Graeci
1366 1650 1578 1701 exemplo,
1609 1650 1728 1700 apud

217 1729 349 1770 quem
381 1718 643 1769 saepissime
681 1718 737 1758 ad
768 1719 967 1758 animum
1007 1718 1189 1758 alterius
1221 1719 1277 1758 ad
1308 1720 1543 1770 sequentia
1573 1706 1726 1759 adver-

215 1787 399 1826 tendum
428 1787 640 1838 leguntur
667 1781 783 1841 ἠνίδε
811 1787 882 1827 vel
911 1778 1036 1840 ἦνίδε,
1069 1787 1445 1838 quemadmodum
1474 1787 1726 1827 Ahrensius

217 1856 393 1906 scripsit
445 1854 488 1905 (I.
531 1851 623 1895 147.
684 1856 732 1896 ΙΙ.
769 1850 835 1895 38.
895 1856 964 1896 III.
1007 1851 1072 1896 10.
1132 1856 1183 1896 V.
1225 1852 1319 1904 23),
1369 1852 1505 1897 ‘heio-m
1546 1854 1591 1904 (I.
1630 1853 1724 1897 147.

214 1924 285 1964 ΙΙΙ.
318 1920 381 1965 12.
441 1924 511 1965 IV.
543 1919 607 1965 50.
667 1925 715 1965 Χ.
745 1921 812 1965 41.
873 1925 963 1965 XV.
994 1920 1087 1974 65),
1130 1920 1193 1965 ἰδέ
1222 1922 1288 1974 (V.
1319 1920 1393 1974 30,
1425 1925 1487 1964 ibi
1516 1929 1636 1965 recte
1667 1926 1722 1966 ab

213 1993 434 2033 Ahrensio
484 1997 753 2033 revocatum.
803 1990 898 2043 37),
947 1986 1071 2049 ὃρῆτε
1115 1992 1184 2042 (V.
1216 1990 1337 2041 110),
1384 1986 1462 2046 ὅρη
1512 1993 1620 2041 (VII.
1657 1990 1723 2035 50.

214 2062 303 2101 XV.
326 2058 409 2108 12),
439 2062 535 2111 ipse
567 2074 742 2114 quoque
775 2066 852 2101 aut
882 2075 963 2102 ecce
995 2058 1147 2110 (11.46.
1182 2063 1252 2102 ΙΙΙ.
1275 2057 1341 2102 50.
1382 2062 1432 2101 V.
1455 2058 1521 2102 66.
1562 2063 1629 2103 IX.
1649 2059 1722 2110 47)

304 2238 334 2283 *J
359 2239 392 2273 A
422 2249 513 2274 vcro
544 2238 658 2283 longe
684 2239 976 2280 aberraverunt,
1011 2239 1076 2284 qui
1108 2238 1337 2274 locutionem
1373 2239 1522 2284 „pedes
1556 2240 1721 2283 aliquem

214 2297 376 2330 ducunt⁴⁴
403 2299 589 2340 sumptam
614 2298 845 2340 putaverunt
871 2306 915 2330 ex
939 2296 988 2330 id.
1015 2296 1116 2332 XIII.
1136 2296 1180 2331 70
1206 2299 1243 2331 et
1262 2296 1363 2331 XIV.
1385 2297 1428 2331 42
1452 2290 1475 2343 ᾆ
1499 2295 1604 2336 πόδες
1627 2288 1721 2341 ἆγον,

214 2352 350 2397 quibus
367 2353 494 2387 verbis
513 2353 783 2388 dissimillimus
804 2354 907 2389 color
932 2356 1001 2389 est.
1038 2354 1155 2389 Recte
1176 2354 1273 2389 enim
1298 2355 1427 2398 priore
1445 2354 1528 2388 loco
1548 2353 1720 2388 Wueste-

212 2421 370 2444 mannus
397 2410 596 2450 disseruit,
640 2412 758 2445 verba
784 2412 1011 2447 Theocritea
1036 2422 1120 2446 eum
1146 2412 1380 2456 significare,
1418 2410 1482 2455 qui
1517 2412 1720 2447 temerario

212 2477 324 2502 cursu
350 2477 391 2502 se
416 2466 453 2501 in
479 2467 634 2511 quaevis
660 2468 743 2503 loca
768 2469 904 2504 deduci
928 2469 1083 2514 patitur.
1130 2468 1210 2505 Nec
1236 2471 1324 2513 apte
1358 2472 1442 2503 cum
1465 2469 1599 2504 verbis
1625 2469 1719 2505 Ver-

211 2524 288 2569 gilii
317 2524 478 2558 Vossius
504 2526 735 2569 comparavit
758 2526 850 2561 Plin.
876 2526 942 2571 Ep.
968 2526 1051 2561 VII.
1079 2528 1097 2560 5
1132 2526 1203 2566 „ad
1229 2526 1391 2561 diaetam
1421 2529 1523 2561 tuam
1547 2527 1621 2573 ipsi
1646 2539 1717 2568 me,

210 2586 251 2616 ut
278 2581 476 2617 verissime
498 2581 647 2622 dicitur,
673 2582 791 2626 pedes
811 2583 986 2625 ducunt,“
1012 2594 1095 2620 cum
1114 2583 1251 2630 quibus
1271 2584 1443 2620 conferre
1467 2584 1556 2621 licet
1573 2585 1656 2622 Tib.
1672 2586 1719 2622 Π.

212 2640 241 2673 6.
271 2642 311 2675 14
337 2651 427 2685 „pes
453 2640 535 2685 ipse
561 2639 695 2674 redit.“
736 2640 898 2676 Prorsus
924 2642 1059 2677 similia
1084 2644 1171 2677 sunt
1196 2642 1440 2687 Vergilianis,
1466 2656 1565 2689 quae
1588 2645 1719 2690 legun-

209 2700 271 2730 tur
296 2698 406 2732 Varr.
444 2697 485 2731 R.
512 2697 554 2730 R.
579 2697 625 2731 II.
662 2697 781 2741 praef.
808 2698 844 2731 6:
886 2702 1113 2743 „propterea
1144 2700 1247 2744 quod
1282 2704 1319 2734 te
1356 2700 1646 2746 empturientem
1680 2699 1719 2734 in

210 2763 361 2799 campos
386 2754 538 2789 Macros
565 2755 613 2789 ad
637 2757 844 2790 mercatum
869 2757 1002 2791 crebro
1029 2757 1221 2792 adducunt
1245 2757 1400 2801 pedes.“
