1911 3215
962 152 1018 195 81

249 281 287 310 v.
310 266 375 310 78.
415 271 685 310 Ahrensium
719 272 836 309 enirn
867 282 1012 321 neque
1042 272 1126 310 hoc
1157 275 1276 310 recte
1299 275 1447 322 egisse
1477 273 1594 318 puto,
1626 268 1745 319 quod

251 338 380 387 ejecit
409 348 565 379 versus
595 334 651 379 92
682 341 726 377 et
756 333 822 387 93,
852 349 996 390 neque
1028 338 1146 387 illud,
1178 338 1294 390 quod
1325 338 1476 379 omisit
1503 346 1661 377 versus
1690 330 1746 374 77

246 411 291 447 et
317 402 384 447 87.
424 408 546 448 Duos
576 409 746 458 priores
778 411 828 446 ut
857 407 1138 455 retineamus,
1170 408 1278 447 mihi
1310 407 1532 446 sententia
1560 413 1742 456 prorsus

244 477 444 528 flagitare
489 477 683 525 videtur,
734 476 812 515 sed
857 475 1041 515 offendit
1083 487 1154 515 me
1198 476 1396 527 vulgaris
1440 472 1742 524 interpretatio

245 545 368 584 verbi
398 537 497 585 ἄνυε
526 556 563 584 V.
584 540 651 583 93.
691 544 933 593 Explicavit
962 544 1047 582 hoc
1068 544 1443 583 Wuestemannus
1474 545 1554 582 ita:
1585 534 1741 590 ,,ἀνὺειν

246 617 316 653 est
344 614 573 664 perficere,
610 612 664 651 ab
696 623 784 651 uno
815 613 902 651 fine
933 612 987 651 ad
1019 612 1208 652 alterum
1237 601 1464 663 perferre“,
1496 611 1740 651 Valckena-

245 682 336 721 rius
368 685 517 721 autem
550 681 615 720 ed.
645 681 663 719 I
703 681 787 720 sic:
829 681 940 729 „sed
972 691 1103 720 suum
1144 681 1363 720 tolerabat
1392 680 1589 720 amorem
1621 690 1740 719 acer-

246 750 373 798 bum,
414 753 546 801 atque
577 750 621 789 in
662 750 735 789 illo
765 749 935 789 fortiter
966 749 1145 789 ferendo
1176 750 1313 789 vitam
1345 750 1400 789 ad
1431 751 1566 789 finem
1598 758 1739 799 usque

243 815 562 868 transigebat“,
611 817 788 869 reliqui,
837 820 1052 869 quantum
1093 818 1203 866 scio,
1255 818 1363 857 nihil
1405 818 1568 857 certius
1600 816 1654 855 de
1686 827 1739 855 eo

244 886 456 927 dixerunt.
506 886 617 925 Mihi
649 886 826 937 quidem
855 885 1049 924 maxima
1078 886 1145 924 vis
1176 886 1221 924 in
1251 885 1506 936 imperfecto
1535 884 1740 935 ponenda

244 954 436 1002 videtur,
478 954 594 1006 quod
635 954 689 993 de
721 956 881 993 conatu
919 953 1135 1004 intelligo,
1178 954 1505 1005 significarique
1537 952 1740 992 existimo

245 1016 287 1062 hss
305 1022 340 1062 ,1.
371 1015 503 1062 ἀνύειν
535 1026 797 1073 εωετίηραετε,
827 1021 969 1061 itaut
999 1022 1085 1061 huc
1115 1022 1268 1061 redeat
1298 1023 1536 1061 sententia:
1569 1021 1741 1069 „stude—

244 1089 320 1129 bat
368 1093 520 1139 pastor
566 1100 697 1129 suurn
746 1100 944 1130 amorem
984 1089 1267 1140 exstinguere
1306 1090 1377 1129 vel
1418 1085 1742 1139 comprimere.“

247 1157 442 1196 Conferri
472 1161 619 1207 potest
649 1158 703 1197 de
734 1159 818 1197 hoc
847 1158 1050 1197 vocabuli
1072 1159 1323 1207 significatu
1344 1159 1471 1196 Hom.
1496 1158 1573 1196 Od.
1596 1169 1638 1195 ω.
1663 1154 1738 1195 71;

245 1217 376 1278 αὐτὰρ
416 1220 504 1265 ἐπεὶ
543 1219 592 1279 δή
636 1236 679 1266 σε
720 1219 823 1278 φλὸξ
861 1220 1004 1279 ἤνυσεν
1027 1218 1286 1277 Ἡφαίστοιο.
1346 1226 1409 1265 De
1451 1226 1589 1265 altero
1632 1226 1740 1273 loco,

247 1304 376 1344 quem
419 1294 548 1341 ejecit
577 1294 843 1342 Ahrensius,
885 1295 947 1333 ita
978 1294 1231 1343 disputabo,
1272 1297 1321 1331 ut
1361 1294 1535 1333 dicendi
1565 1293 1740 1332 initium

246 1373 272 1399 a
300 1371 510 1400 versuum
552 1363 773 1401 sententia
803 1362 973 1401 faciam.
1032 1362 1246 1401 Nimirum
1288 1362 1523 1400 artificiose
1554 1373 1580 1400 a
1610 1365 1741 1410 poeta

244 1438 316 1467 res
346 1429 408 1467 ita
437 1430 639 1467 instituta
670 1433 760 1476 est,
801 1432 850 1467 ut
888 1430 1080 1479 primum
1116 1429 1147 1466 ii
1177 1429 1457 1476 accederent,
1499 1429 1572 1479 qui
1604 1429 1738 1467 etiam

246 1500 342 1536 tum
373 1497 588 1537 benevolo
619 1497 767 1537 animo
799 1508 906 1548 erga
948 1500 1171 1548 pastorem
1203 1501 1339 1538 erant.
1398 1498 1462 1536 Ex
1499 1498 1568 1536 his
1598 1497 1740 1547 primo

247 1565 343 1604 loco
365 1566 663 1605 nominandus
696 1569 790 1607 erat
810 1565 1067 1613 Mercurius,
1100 1567 1259 1616 quippe
1283 1567 1355 1616 qui
1386 1567 1589 1615 princeps
1622 1570 1742 1604 esset

249 1633 433 1673 deorum
458 1634 718 1684 <agrestium
759 1631 824 1681 (ef.
862 1633 1068 1673 Valcken.
1110 1634 1165 1673 ad
1202 1634 1242 1674 h.
1275 1634 1298 1673 l.
1341 1638 1384 1673 et
1424 1634 1587 1673 Ameis.
1628 1634 1740 1672 Ann.

246 1701 271 1740 l.
302 1702 326 1741 l.
366 1713 404 1750 p.
447 1697 567 1750 108);
609 1703 725 1741 hunc
764 1701 977 1752 subsequi
1017 1702 1237 1740 debebant
1276 1706 1498 1751 pastores,
1544 1702 1739 1751 quando-

248 1768 425 1819 quidem
456 1769 502 1808 hi
532 1769 823 1819 aegritudinis
847 1779 1026 1809 causam
1058 1769 1332 1819 ignorabant,
1366 1770 1738 1820 quemadmodum

249 1837 381 1876 etiam
412 1848 501 1876 non
533 1838 639 1875 satis
663 1837 716 1875 de
749 1849 801 1875 ea
821 1838 1002 1876 edoctus
1034 1842 1128 1876 erat
1156 1838 1425 1886 Mercurius;
1457 1839 1588 1876 tertio
1621 1838 1740 1876 deni—

249 1916 333 1955 que
364 1906 458 1944 loco
489 1905 673 1955 Priapus
706 1905 1119 1944 commemorandus
1151 1909 1262 1953 erat,
1295 1917 1442 1956 quum,
1473 1906 1556 1944 etsi
1588 1907 1738 1956 cogni-

249 1976 344 2012 tum
375 1973 586 2022 habebat,
624 1975 748 2023 cujus
785 1984 935 2013 amore
966 1973 1165 2024 Daphnis
1197 1974 1547 2022 contabesceret,
1589 1978 1739 2014 tamen

248 2053 504 2092 perversum
537 2043 576 2081 ei
609 2042 839 2082 consilium
872 2043 1053 2081 daturus
1086 2047 1215 2081 esset.
1272 2043 1396 2090 Quod
1430 2047 1578 2081 autem
1609 2047 1741 2091 poeta

246 2110 392 2160 Priapi
432 2110 617 2149 orationi
657 2110 773 2149 hunc
803 2109 948 2157 locum
979 2110 1150 2158 tribuit,
1192 2121 1244 2149 ea
1282 2121 1329 2149 re
1368 2110 1502 2149 etiam
1543 2110 1587 2149 id
1618 2120 1740 2150 asse—

248 2182 376 2215 cutus
408 2181 486 2224 est,
517 2182 566 2217 ut
597 2179 740 2227 magis
772 2179 1032 2216 efierrentur
1052 2178 1220 2216 Dianae
1251 2178 1399 2225 verba,
1432 2179 1591 2228 quippe
1621 2179 1740 2216 illius

247 2255 428 2294 prorsus
467 2246 678 2295 opposita.
746 2247 867 2284 Haec
912 2247 1008 2295 ipsa
1048 2246 1165 2284 enim
1209 2246 1367 2284 acerba
1412 2247 1739 2295 comparatione

250 2322 332 2351 usa
370 2315 594 2362 pastorem
632 2313 916 2362 reprehendit
946 2309 1188 2359 acerrime,
1230 2313 1346 2363 quod
1388 2313 1604 2351 castitatis
1648 2313 1740 2352 offi—

251 2381 366 2418 cium
406 2380 534 2429 plane
576 2380 826 2418 deseruisse
862 2379 1096 2417 videretur.
1157 2379 1264 2417 Cum
1304 2380 1400 2427 ejus
1431 2379 1577 2418 verbis
1610 2391 1741 2431 quae-

250 2448 370 2496 dam,
421 2459 533 2499 quae
564 2448 619 2487 ad
655 2448 801 2497 ipsum
831 2447 1106 2497 Daphnidem
1148 2447 1390 2496 pertinent,
1439 2448 1501 2486 ita
1531 2439 1575 2486 in
1608 2460 1741 2487 unam

250 2516 477 2565 stropham
527 2516 760 2564 conjuncta
811 2518 932 2562 sunt,
993 2518 1041 2552 ut
1090 2525 1189 2552 eam
1246 2515 1476 2564 aptissime
1525 2516 1743 2556 claudant.

249 2582 450 2634 Denique
482 2584 671 2624 accessit
710 2583 793 2622 dea
822 2583 986 2623 Venus,
1047 2582 1182 2631 Cujus
1222 2583 1288 2622 ira
1328 2594 1381 2622 eo
1422 2583 1491 2623 die
1528 2583 1639 2623 adeo
1672 2595 1742 2622 ex-

251 2651 411 2689 stincta
442 2654 553 2698 erat,
594 2655 644 2689 ut
675 2651 903 2690 simularet
933 2651 1242 2690 tantummodo
1274 2652 1442 2697 odium,
1474 2652 1621 2690 animo
1647 2652 1743 2699 Jam

251 2730 357 2770 erga
386 2718 664 2769 Daphnidem
696 2708 910 2759 benevolo
933 2722 1053 2758 esset
1085 2730 1275 2771 eumque
1306 2719 1360 2758 ab
1392 2719 1513 2758 omni
1545 2720 1743 2759 cruciatu

249 2789 488 2828 liberatura
517 2786 685 2835 fuisset,
716 2789 848 2828 modo
878 2788 1108 2836 bubulcus,
1139 2789 1182 2827 id
1215 2788 1331 2838 quod
1361 2789 1597 2837 impetrare
1628 2789 1746 2827 vole-

244 2856 341 2906 bat,
393 2866 438 2896 se
478 2855 531 2895 ab
571 2855 669 2905 ipsa
706 2856 871 2897 victum
907 2855 1133 2907 professus
1173 2860 1294 2897 esset
1324 2859 1385 2905 et,
1435 2859 1483 2896 ut
1513 2856 1746 2908 Nymphae

1455 2921 1474 2955 6
