1911 3215
922 93 980 139 70

202 214 587 265 Oppugnaverunt
628 216 806 267 quidem
847 215 944 262 ejus
984 213 1257 254 sententiam
1292 215 1487 254 Bachius
1523 217 1705 266 Quaest.

203 283 314 335 eleg.
347 292 462 333 spec.
492 293 532 334 p.
563 278 630 332 20,
662 282 891 334 Zieglerus
922 282 968 322 in
1007 281 1220 331 editione,
1268 282 1496 324 Ameisius
1527 283 1639 324 Adn.
1668 294 1709 336 p.

202 348 258 391 57
309 355 354 390 et
402 352 542 392 Praef.
593 353 658 393 ed.
707 365 746 402 p.
777 352 875 400 XII,
903 351 984 392 sed
1021 350 1176 391 Bachii
1226 353 1570 402 explicationem
1612 355 1709 401 jam

200 419 430 459 Ameisius
461 419 621 459 falsam
653 429 753 458 esse
784 419 1022 467 intellexit,
1066 429 1180 471 quae
1222 422 1373 459 autem
1404 419 1633 460 Ameisiue
1665 423 1712 460 et

203 489 433 539 Zieglerus
471 489 689 535 dixerunt,
731 500 1004 540 quamquam
1036 500 1062 527 a
1093 488 1302 527 carminis
1334 489 1568 528 amoebaei
1598 489 1707 539 legi-

200 557 285 596 bus
326 566 414 595 non
455 554 693 594 abhorrere
723 556 951 603 videntur,
1001 559 1154 595 tamen
1192 559 1429 606 propterea
1459 568 1548 595 non
1581 556 1711 596 satis-

202 625 389 672 faciunt,
442 624 559 675 quod
608 634 791 674 prorsus
841 624 1099 664 incredibile
1156 628 1245 674 est,
1292 628 1517 676 pastores,
1570 637 1709 678 quum

200 695 394 745 primum
426 703 630 731 amorum
661 693 936 733 mentionem
966 692 1187 741 fecerunt,
1239 694 1392 733 statim
1430 694 1621 733 alterum
1654 694 1709 733 de

203 762 386 802 alterius
418 772 569 800 amore
599 761 772 800 locutos
805 771 916 800 esse.
964 760 1128 800 Contra
1159 761 1277 812 quod
1309 761 1581 801 Ahrensium
1611 773 1709 812 per-

202 829 398 870 movisse
427 828 643 876 existimo‚
676 831 724 867 ut
755 831 845 869 tres
876 839 1034 869 versus
1067 832 1391 880 transponeret,
1422 829 1466 869 id
1495 829 1607 869 nihil
1636 841 1710 870 va-

202 899 293 938 lere
334 898 444 936 mihi
484 900 604 936 recte
646 897 900 947 disputasse
941 897 1117 936 videtur
1149 897 1409 937 Zetzschius
1440 911 1479 948 p.
1510 894 1577 938 20.
1636 898 1709 937 Ni-

204 966 367 1006 mirum
409 964 446 1004 si
486 967 606 1004 recte
647 965 855 1014 conjicio,
906 965 973 1004 vir
1014 964 1300 1005 doctissimus
1332 977 1422 1006 non
1454 965 1542 1005 alia
1574 975 1711 1006 causa

204 1035 364 1074 ductus
386 1036 466 1081 est,
489 1045 623 1085 quam
645 1034 774 1085 quod,
795 1036 845 1072 ut
865 1043 952 1074 vss.
964 1029 1019 1072 35
1042 1036 1087 1072 et
1100 1030 1157 1073 49
1179 1044 1272 1086 sqq.
1295 1034 1532 1074 ostendere
1553 1034 1706 1073 viden—

200 1106 283 1151 tur,
295 1100 523 1141 Menalcas
536 1112 614 1152 per
628 1113 806 1141 carmen
820 1101 1069 1153 elegiacum
1083 1101 1233 1141 ovium
1246 1105 1291 1142 et
1309 1113 1539 1153 caprarum
1554 1104 1706 1141 custos

202 1172 396 1222 fingitur.
456 1170 516 1210 At
565 1182 692 1218 vero,
745 1182 900 1222 quum,
948 1181 1062 1222 quae
1108 1171 1152 1210 in
1205 1171 1426 1221 prioribus
1474 1171 1709 1223 utriusque

203 1238 416 1290 strophae
446 1238 650 1277 versibus
680 1238 902 1289 leguntur,
936 1238 1142 1278 universe
1171 1238 1289 1278 dicta
1311 1239 1411 1286 sint,
1443 1241 1546 1289 apte
1574 1238 1711 1278 etiam

199 1306 400 1358 Daphnis
432 1317 538 1346 oves
572 1310 616 1345 et
646 1317 802 1357 capras
834 1318 1184 1350 commemorare
1215 1308 1372 1358 potuit,
1402 1319 1486 1347 nec
1506 1310 1710 1358 transpo-

201 1375 362 1416 sitione
421 1384 633 1414 versuum
678 1378 914 1425 propterea
966 1375 1209 1426 quidquam
1259 1376 1534 1426 proficimuS,
1591 1375 1709 1427 quod

199 1456 286 1484 vss.
316 1440 371 1483 41
405 1454 467 1495 sq.
498 1444 635 1482 verba
664 1440 803 1497 παντᾷ
833 1438 880 1483 δὲ
907 1436 1404 1496 γάλακτος-τρέφεται
1433 1456 1522 1484 non
1555 1444 1705 1484 minus

202 1513 257 1552 de
286 1522 446 1562 pecore
480 1523 613 1563 quam
646 1510 699 1549 de
730 1510 876 1550 bubus
918 1511 1109 1562 intelligi
1141 1515 1185 1550 et
1215 1515 1407 1562 possunt
1445 1515 1490 1551 et
1531 1512 1706 1551 debent.

200 1582 314 1628 Jam,
367 1582 415 1619 ut
461 1582 718 1618 convertam
758 1590 829 1618 me
873 1579 928 1618 ad
969 1589 1125 1618 versus
1156 1574 1368 1627 53--56,
1418 1579 1595 1619 videtur
1624 1590 1710 1619 vox

199 1645 316 1702 μᾶλα
355 1659 392 1688 v.
423 1643 480 1686 56
520 1648 812 1687 vehementer
851 1648 1076 1698 flagitare,
1126 1651 1176 1687 ut
1205 1648 1438 1688 Menalcae
1479 1648 1709 1699 stropham

199 1716 525 1765 adscribamus,
576 1719 620 1755 et
657 1715 819 1765 fateor,
869 1716 985 1755 hanc
1015 1727 1152 1755 unam
1182 1727 1277 1756 rem
1310 1727 1410 1757 eam
1440 1717 1486 1757 in
1516 1727 1589 1757 me
1618 1716 1709 1756 vim

197 1786 385 1833 habere,
424 1788 473 1824 ut
503 1785 547 1824 id
579 1796 734 1825 revera
764 1785 1017 1825 faciendum
1048 1789 1273 1836 putarem,
1313 1786 1401 1825 nisi
1433 1786 1553 1826 aliud
1585 1796 1708 1825 acce—

199 1854 344 1902 deret,
396 1853 513 1905 quod
553 1853 638 1892 hoc
678 1853 826 1903 ipsum
866 1853 1135 1893 vocabulum
1175 1857 1431 1905 corruptum
1463 1863 1564 1894 esse
1596 1853 1707 1893 satis

199 1933 421 1974 superque
472 1923 739 1962 ostenderet.
809 1922 1002 1962 Gravem
1050 1923 1168 1962 enim
1222 1922 1518 1963 offensionem
1561 1923 1707 1971 habet,

198 1991 317 2044 quod
347 2001 592 2041 pronomen
622 2002 671 2029 τυ
702 1990 799 2030 sine
829 1991 1034 2031 vocativo
1065 1991 1263 2041 positum
1295 1993 1375 2031 est.
1433 1992 1548 2031 Nam
1577 2003 1706 2031 voca-

197 2060 315 2098 tivus
362 2071 452 2098 non
500 2059 645 2098 solum
691 2062 872 2109 propter
911 2059 1094 2099 alterius
1127 2059 1338 2108 strophae
1368 2060 1707 2110 oppositionem,

198 2128 244 2167 in
277 2138 364 2179 qua
396 2126 584 2167 eandem
615 2127 916 2178 apostrophen
946 2112 1209 2178 usurpatam
1250 2126 1389 2167 fuisse
1428 2132 1598 2168 certum
1629 2128 1706 2169 ha-

197 2196 301 2244 beo,
333 2195 519 2246 adJungi
551 2195 714 2243 debuit,
744 2207 900 2235 verum
932 2196 1067 2235 etiam
1098 2199 1346 2247 propterea,
1378 2196 1494 2248 quod
1524 2197 1708 2238 vitanda

196 2269 292 2304 erat
322 2264 613 2315 ambiguitaS,
653 2276 706 2304 ex
742 2264 985 2304 omissione
1026 2265 1216 2304 nominis
1249 2276 1364 2317 quae
1395 2266 1562 2305 oritura
1600 2269 1706 2307 erat.

195 2333 284 2373 Fac
315 2333 451 2380 enim,
491 2344 670 2373 versum
701 2328 773 2381 56,
814 2336 864 2373 ut
891 2344 1008 2373 nunc
1039 2333 1084 2372 in
1117 2334 1386 2373 editionibus
1427 2334 1609 2385 legitur,
1649 2334 1704 2373 ab

195 2401 293 2451 ipso
323 2404 456 2450 poeta
485 2401 733 2450 profectum
765 2411 884 2440 esse:
918 2401 1028 2440 nihil
1054 2400 1253 2451 profecto
1276 2402 1435 2449 obstat,
1467 2402 1705 2453 quominus

195 2469 502 2509 accusativum
531 2480 579 2507 τυ
610 2481 648 2509 v.
680 2465 733 2509 55
766 2473 859 2518 aut,
891 2473 939 2510 ut
971 2469 1214 2510 scholiasta
1245 2469 1395 2516 voluit,
1427 2469 1483 2509 ad
1514 2470 1705 2511 alterum

194 2549 218 2578 e
252 2537 528 2577 certantibus
560 2540 637 2576 aut
668 2538 725 2577 ad
756 2539 970 2577 arbitrum
1001 2537 1259 2577 referamus.
1299 2538 1543 2591 Utrumque
1567 2551 1704 2592 quum

193 2615 454 2657 perversum
503 2606 579 2653 sit,
630 2606 804 2644 medela
853 2606 1073 2658 quaedam
1107 2606 1502 2657 circumspicienda
1533 2611 1603 2647 est
1633 2619 1705 2648 ea-

194 2686 280 2728 que
302 2674 416 2723 talis,
448 2685 537 2727 qua
558 2677 843 2714 succurratur
865 2674 998 2715 etiam
1020 2674 1168 2715 verbis
1201 2676 1410 2716 extremis
1430 2688 1469 2717 v,
1491 2671 1565 2728 563
1598 2688 1703 2717 nam

192 2744 237 2782 in
268 2744 339 2783 his
372 2747 416 2782 et
447 2744 556 2794 ipsis
581 2744 684 2792 jure
716 2743 923 2781 homines
946 2744 1064 2782 docti
1085 2743 1290 2783 haesisse
1314 2745 1533 2785 videntur.
1583 2746 1702 2786 Nihil

193 2815 270 2851 aut
300 2812 356 2851 ad
387 2823 572 2852 sensum
603 2814 680 2852 aut
711 2811 768 2851 ad
800 2811 998 2852 rationes
1030 2813 1347 2863 grammaticas
1389 2814 1549 2855 deesse
1582 2817 1701 2866 puto,
