1911 3215
903 88 961 132 20

182 206 263 245 sub
296 205 492 245 Alexidis
525 204 841 251 Alexandrum,
872 203 1085 243 Pollionis
1115 214 1302 253 puerum
1333 215 1359 242 a
1390 214 1439 243 se
1470 209 1680 253 amatum,

183 275 265 314 sub
296 275 430 315 Iollae
459 274 705 313 Pollionem
736 272 971 317 induceret.
1019 272 1147 321 Quod
1180 272 1254 323 qui
1285 277 1575 323 negaverunt,
1605 285 1680 313 ne-

182 353 267 395 que
297 345 614 393 reputaverunt
643 341 704 380 illi
736 340 1011 391 antiquitatis
1042 340 1314 389 testimonia,
1358 351 1471 392 quae
1502 340 1687 392 collegit

182 412 403 461 Spohnius
434 412 480 450 in
508 410 634 449 Proll.
676 409 729 447 ad
770 409 885 448 hanc
926 409 1019 456 ecl.‚
1060 419 1205 460 neque
1247 411 1564 458 exposuerunt,
1606 410 1680 460 qui

179 480 276 519 fieri
305 479 517 531 potuerit,
549 480 597 518 ut
625 480 776 528 poeta,
808 478 1010 529 quamvis
1041 477 1289 517 imitaretur
1319 477 1381 517 ibi
1411 478 1600 519 Theocr.
1624 477 1680 517 id.

180 550 238 588 III
259 552 305 588 et
323 549 391 596 XI,
421 551 570 587 tamen
600 546 654 585 ab
688 556 739 585 eo
772 545 1025 586 desciscens
1047 558 1135 586 non
1156 547 1361 596 puellam,
1393 546 1472 586 sed
1491 557 1679 596 puerum

181 630 207 658 a
238 616 466 667 Corydone
497 617 694 655 amatum
726 614 964 655 induceret.
1010 615 1150 655 Immo
1181 615 1265 655 hac
1295 615 1392 666 ipsa
1424 615 1580 666 ecloga
1608 614 1681 654 vix

181 687 266 725 dici
295 687 442 736 potest
478 688 692 736 quantum
729 684 840 723 lucis
882 684 1137 723 affundatur
1167 685 1390 725 Theocriti
1429 685 1592 736 idylliis
1622 685 1681 724 III

181 758 224 795 et
244 754 315 795 IV.
364 754 487 804 Quae
515 754 568 794 de
589 753 771 805 reliquis
792 757 951 804 poetae
975 753 1201 795 amoribus
1222 754 1465 803 traduntur,
1498 755 1682 795 collecta

180 827 282 862 sunt
313 824 462 862 omnia
493 824 546 861 ab
578 823 752 871 Heynio
791 823 844 861 ad
876 823 985 861 Don.
1017 823 1066 862 V.
1105 818 1171 862 20.
1232 822 1319 862 Sed
1353 824 1482 871 juvat
1522 824 1681 866 etDo-

178 891 271 931 nati
302 893 346 930 et
374 890 642 941 reliquorum
673 890 809 929 verba
839 890 935 940 ipsa
966 891 1135 930 afferre.
1190 891 1244 930 Et
1276 891 1349 930 ille
1371 891 1550 943 quidem
1570 891 1682 931 haec

179 960 373 999 exhibet:
416 970 593 1007 „verum
624 959 738 998 inter
775 969 930 998 omnes
970 960 1161 998 maxime
1203 960 1355 1000 dilexit
1385 960 1595 999 Cebetem
1638 961 1682 998 et

178 1028 497 1076 Alexandrum,
544 1038 675 1079 quem
721 1027 917 1075 secunda
956 1027 1264 1068 Bucolicorum
1311 1027 1478 1079 Ecloga
1521 1027 1680 1068 Alexin

178 1098 380 1148 appellat,
416 1095 627 1135 donatum
659 1096 743 1135 sibi
774 1096 828 1135 ab
861 1095 1017 1136 Asinio
1050 1097 1258 1137 Pollione.
1317 1097 1561 1148 Utrumque
1591 1107 1681 1136 non

176 1166 444 1205 ineruditum
492 1164 677 1211 dimisit,
723 1163 1023 1203 Alexandrum
1067 1165 1427 1215 grammaticum,
1472 1164 1681 1204 Cebetem

176 1245 281 1275 vero
306 1236 351 1273 et
370 1230 583 1283 poetam.“
631 1234 866 1272 Praeterea
886 1233 1050 1282 legitur
1071 1225 1115 1272 in
1139 1232 1363 1273 Servianis
1385 1233 1441 1273 ad
1463 1233 1539 1273 ecl.
1561 1233 1610 1273 II.
1634 1229 1679 1272 1:

176 1302 262 1340 Alii
292 1311 479 1350 puerum
502 1300 702 1339 Caesaris
726 1298 917 1347 (Alexin)
952 1300 1219 1350 intelligunt,
1252 1312 1386 1352 quem
1408 1301 1445 1340 si
1468 1302 1567 1352 quis
1588 1302 1680 1340 lau-

176 1370 342 1416 dasset,
385 1370 559 1419 gratam
588 1379 684 1407 rem
716 1367 895 1407 Caesari
925 1366 1139 1416 fecisset“,
1179 1369 1235 1408 ad
1273 1381 1311 1409 v,
1351 1365 1422 1408 15;
1464 1373 1578 1417 „tres
1619 1370 1680 1410 di-

176 1439 290 1477 citur
325 1447 501 1476 amasse
524 1436 751 1486 VirgiliuS,
779 1435 1092 1485 Alexandrum,
1115 1448 1246 1488 quem
1269 1437 1449 1477 donavit
1469 1438 1510 1478 ei
1530 1438 1680 1488 Pollio,

178 1511 221 1547 et
253 1507 461 1563 Cebetem
492 1516 678 1554 puerum
712 1516 810 1544 cum
842 1505 971 1544 Leria
1008 1506 1170 1555 puella,
1214 1517 1324 1556 quos
1364 1518 1390 1545 a
1420 1507 1680 1546 Maecenate

178 1574 337 1615 dicitur
386 1572 636 1624 accepisse:
685 1572 801 1612 unde
850 1572 1003 1619 volunt
1050 1573 1246 1626 quidam,
1292 1585 1370 1625 per
1408 1573 1682 1627 Amaryllida

176 1644 368 1691 Leriam,
408 1654 488 1692 per
526 1642 777 1681 Menalcam
816 1642 1024 1682 Cebetem
1066 1641 1295 1693 intelligi,“
1335 1646 1380 1682 et
1418 1644 1473 1682 ad
1513 1644 1564 1683 V.
1603 1639 1678 1683 89:

172 1714 272 1760 „aut
302 1713 527 1760 pastorem
560 1709 782 1760 quendam
813 1709 1159 1759 pulcherrimum
1191 1711 1296 1750 dicit
1326 1713 1403 1750 aut
1424 1711 1678 1751 choraulam

175 1779 413 1831 significat,
460 1790 591 1829 quem
629 1777 822 1828 legimus
864 1778 1104 1818 admodum
1145 1790 1172 1817 a
1210 1779 1398 1829 Virgilio
1439 1779 1577 1819 fuisse
1619 1780 1681 1819 di-

174 1844 374 1887 lectum.“
432 1848 516 1885 Pro
546 1846 701 1885 Leria
733 1846 892 1885 servile
924 1846 1140 1885 Hieriae
1172 1857 1335 1886 nomen
1375 1847 1679 1897 reponendum

174 1916 289 1967 apud
308 1915 509 1956 Servium
530 1924 642 1962 esse,
663 1914 903 1954 admodum
924 1915 1212 1965 probabiliter
1231 1915 1441 1955 disseruit
1458 1916 1678 1956 Weicher-

173 1989 244 2025 tus
287 1985 340 2023 de
381 1985 426 2023 L.
466 1984 567 2023 Var.
610 1987 655 2022 et
696 1983 815 2023 Cass.
854 1984 996 2022 Parin.
1036 1983 1109 2023 vit.
1152 1987 1196 2022 et
1237 1995 1367 2022 carm.
1407 1995 1446 2032 p.
1485 1979 1543 2031 88
1586 1993 1678 2035 sqq.

174 2052 261 2093 Sed
291 2052 470 2102 longius
503 2051 637 2090 etiam
669 2051 712 2090 in
745 2051 829 2090 hac
859 2062 907 2090 re
940 2051 1155 2091 amatoria
1181 2050 1555 2101 progrediendum
1578 2062 1678 2092 esse

175 2120 389 2160 existimo.
449 2119 623 2158 Etenim
656 2119 694 2158 si
726 2118 769 2157 id
802 2119 1097 2158 demonstrari
1134 2122 1302 2169 potest,
1343 2120 1591 2170 Vergilium
1633 2121 1678 2160 in

175 2188 342 2239 eclogis
386 2190 563 2238 praeter
601 2186 903 2226 Alexandrum
944 2188 1118 2227 Leriam
1162 2199 1337 2239 quoque
1384 2192 1428 2227 et
1468 2188 1679 2229 Cebetem

173 2261 288 2298 tecte
321 2256 618 2307 significasse,
657 2268 746 2295 non
777 2258 982 2307 poterant
1018 2257 1063 2296 hi
1093 2256 1386 2309 Maecenatis·
1410 2258 1526 2298 servi
1566 2268 1678 2307 esse,

175 2327 382 2378 quoniam
409 2327 502 2374 jam
534 2326 608 2365 illo
640 2329 838 2375 tempore
869 2329 1048 2376 poetam
1078 2327 1123 2365 in
1160 2327 1294 2376 huJus
1332 2327 1415 2366 viri
1454 2327 1678 2366 familiari-

177 2398 317 2435 tatem
348 2394 618 2444 pervenisse,
648 2405 705 2434 ne
735 2394 1012 2435 levissimum
1045 2394 1223 2446 quidem
1253 2394 1494 2444 vestigium
1525 2398 1679 2444 exstat,

174 2463 253 2503 sed
286 2465 413 2503 erant
440 2462 662 2502 Pollionis.
721 2462 868 2515 Atque
900 2475 1066 2514 magna
1104 2463 1198 2502 veri
1239 2463 1479 2502 similitudo
1519 2464 1584 2502 rei
1624 2474 1677 2503 eo

172 2534 361 2582 paratur,
393 2530 511 2581 quod
543 2530 677 2568 etiam
709 2530 947 2570 Alexandri
978 2531 1113 2570 herus
1145 2530 1261 2580 apud
1291 2531 1543 2570 Martialem
1564 2531 1675 2571 VIII.

172 2595 243 2649 56,
284 2610 417 2652 quam
458 2597 623 2638 famam
661 2598 862 2648 Heynius
903 2600 926 2639 l.
967 2601 992 2640 l.
1034 2599 1145 2639 alios
1185 2599 1349 2639 multos
1391 2601 1518 2652 sequi
1559 2601 1677 2648 dixit,

175 2754 355 2799 allegoria
378 2754 433 2788 uti
459 2756 614 2788 coaetus
641 2755 733 2787 erat.
785 2753 896 2795 Quod
922 2755 953 2789 si
978 2756 1118 2790 sactum
1145 2757 1258 2795 esset,
1285 2755 1385 2790 facili
1412 2755 1566 2800 negotio
1597 2764 1677 2789 eam

176 2811 288 2847 etiam
313 2811 361 2846 ad
386 2810 459 2845 alia
484 2813 706 2855 argumenta
730 2811 937 2845 transferre
962 2814 1123 2855 poterat.
