1911 3215
944 142 1001 185 77

227 247 360 294 ἄλσεα
399 250 521 296 ποσσὶ
563 257 747 311 φορεῖται
789 269 842 299 ex
887 259 1061 311 vulgari
1103 259 1274 299 ratione
1320 259 1577 310 explicanda
1617 270 1717 299 esse

224 326 354 374 puto3
406 324 485 365 sed
516 329 685 366 certum
720 327 828 367 mihi
857 328 1051 375 videtur,
1099 331 1278 378 poetam
1318 328 1427 367 nihil
1467 328 1717 378 significare

224 392 420 434 voluisse
451 394 539 434 nisi
568 394 672 435 hoc:
703 395 873 447 „puella
903 396 1018 447 fugit
1039 406 1249 448 quorsum
1269 399 1427 447 potest,
1457 400 1503 436 ut
1533 408 1587 437 ex
1618 387 1717 437 con-

227 465 381 513 spectu
412 466 488 503 tuo
532 473 580 502 se
622 462 821 514 eripiat.“,
860 466 932 505 vel
961 469 1010 504 ut
1040 465 1271 516 proverbio
1313 466 1564 515 germanico
1595 469 1715 505 utar:

223 531 317 579 „das
338 529 529 573 Made-hen
559 532 662 585 lduft
693 534 822 573 davon
850 535 944 575 fiber
976 534 1051 574 alle
1070 531 1224 586 Ber9e“.
1266 533 1324 573 Cf.
1345 537 1573 584 praeterea
1604 545 1716 585 quae

224 600 425 640 similiter
446 601 562 640 dicta
582 604 686 639 sunt
704 601 748 640 id
767 602 874 641 XIII.
894 598 960 642 70.
1000 602 1110 641 XIV.
1129 598 1196 641 42.
1236 601 1403 642 Eodem
1430 602 1561 642 modo
1583 602 1718 642 verba

224 668 446 708 Theocriti
468 669 636 719 accepit
653 669 835 708 Nonnus
857 670 981 710 Dion.
1002 670 1092 710 XV.
1111 665 1216 708 307:
1240 659 1269 709 ἆ
1287 663 1395 709 πόσα
1414 662 1566 722 Δάφνις
1584 662 1716 710 ἄειδεν

223 727 243 775 ὅ
265 729 482 786 βουκόλος·
504 729 611 790 ἀμφὶ
632 732 676 776 δέ
696 734 835 789 μολπῇ
856 734 1061 789 παρῗςένος
1077 729 1326 786 ἀστιβέεσσιν
1342 730 1538 778 gastineto
1559 734 1715 788 μᾶλλον

223 798 415 857 ἐρίπναις,
445 800 656 860 ποιμενίης
677 797 883 858 φεύγουσα
908 802 1008 860 βοῆς
1028 802 1164 858 μέλος.
1196 805 1425 855 Quaenam
1455 805 1540 844 ista
1569 805 1717 855 puella

221 871 363 921 fuerit,
384 873 470 913 nisi
490 873 535 913 in
565 874 679 913 hanc
711 875 977 913 sententiam
1008 874 1244 913 detorseris
1274 885 1312 913 v.
1342 869 1398 912 66
1420 884 1523 925 sqq„
1554 884 1578 913 e
1610 874 1716 913 solis

222 941 443 981 Theocriti
465 942 611 981 verbis
642 941 798 991 conJici
818 953 907 983 non
936 945 1101 993 potest,
1135 942 1213 982 sed
1233 942 1418 1001 Naidem
1439 953 1537 981 eam
1567 941 1717 992 fuisse,

222 1005 417 1050 ostendit
448 1011 632 1050 Ovidius
663 1011 754 1050 Art.
785 1011 881 1050 Am.
911 1012 940 1050 Ι.
970 1007 1076 1050 732;
1106 1010 1324 1058 „Pallidus
1354 1011 1400 1049 in
1429 1012 1549 1049 lenta
1578 1011 1717 1049 Naide

220 1078 420 1127 Daphnis
442 1075 569 1116 erat“.
616 1078 681 1117 De
703 1078 787 1117 hoc
809 1078 906 1117 loco
929 1078 1167 1127 disputavit
1189 1078 1323 1117 etiam
1343 1078 1627 1116 Hermannus
1646 1078 1673 1117 l.
1693 1078 1718 1116 1.

221 1142 385 1196 p.7sq.,
407 1146 496 1194 sed,
515 1156 628 1197 quae
650 1149 744 1184 erat
766 1146 862 1194 ejus
882 1145 1181 1195 praejudicata
1204 1145 1361 1195 opinio,
1382 1147 1577 1184 statuere
1600 1145 1720 1185 aliud

221 1224 309 1254 non
329 1213 484 1264 potuit,
499 1224 631 1264 quam
647 1212 853 1253 Ovidium
873 1216 1049 1263 praeter
1070 1224 1231 1253 nomen
1253 1213 1364 1252 nihil
1385 1224 1438 1252 ex
1458 1216 1551 1252 tota
1571 1213 1720 1254 fabula

222 1282 498 1334 cognovisse.
544 1282 672 1332 Quod
704 1293 839 1333 quum
869 1293 947 1332 per
977 1292 1026 1322 se
1057 1282 1312 1321 incredibile
1345 1282 1402 1320 sit
1432 1285 1527 1320 tum
1559 1282 1720 1322 falsum

223 1341 332 1391 esse¹
370 1351 542 1397 evincit,
580 1351 695 1402 quod
741 1351 853 1390 alius
885 1350 1019 1389 etiam
1065 1350 1238 1389 fabulae
1281 1350 1484 1389 meminit
1513 1351 1616 1391 Met.
1648 1351 1719 1392 IV.

222 1415 307 1460 276
329 1430 420 1471 sqq.
466 1420 662 1469 Apparet
683 1422 844 1466 autem,
875 1418 1092 1468 adjectivo
1110 1418 1282 1471 pallidus
1303 1418 1347 1458 id
1374 1418 1596 1459 indicasse
1617 1431 1720 1470 poe-

224 1492 316 1528 tam
337 1489 596 1536 Romanum,
629 1487 746 1539 quod
778 1487 1043 1537 significavit
1065 1486 1326 1527 Theocritus
1358 1488 1492 1527 verbo
1513 1481 1722 1542 τὴκεσῖςαι

221 1566 258 1596 v.
279 1551 335 1594 66
357 1556 449 1595 coll.
476 1568 514 1596 v.
539 1552 593 1595 19
624 1559 667 1595 et
697 1556 752 1594 id.
775 1556 825 1595 V.
846 1551 912 1595 20.
954 1555 1145 1595 Infelicis
1176 1555 1311 1604 huJus
1342 1556 1506 1596 amoris
1539 1566 1720 1596 causam

220 1635 244 1663 e
274 1624 464 1664 Veneris
496 1627 750 1673 contemptu
791 1624 1076 1673 repetendam
1108 1633 1208 1663 esse
1247 1624 1363 1663 clare
1393 1624 1558 1664 indicat
1586 1629 1720 1676 poeta

219 1705 256 1733 v.
287 1687 343 1732 87
374 1704 436 1744 sq.
495 1692 553 1731 At
585 1692 757 1731 haereri
786 1696 935 1742 potest
965 1692 1009 1730 in'
1041 1692 1112 1731 his
1142 1692 1290 1732 verbis
1320 1696 1564 1743 propterea,
1599 1692 1717 1746 quod

220 1774 309 1802 non
340 1761 611 1813 intelligitur,
645 1771 731 1813 quo
763 1761 893 1801 modo
927 1761 1048 1801 solus
1079 1761 1153 1801 ille
1181 1760 1336 1809 fastus,
1368 1773 1454 1814 quo
1485 1766 1637 1813 pastor
1667 1773 1716 1802 se

219 1832 429 1871 Amorem
480 1834 791 1880 superaturum
823 1839 942 1877 esse,
993 1829 1209 1879 gloriatus
1250 1833 1363 1877 erat,
1411 1834 1503 1869 tam
1535 1841 1716 1881 gravem

220 1910 411 1949 poenam
444 1898 616 1937 efficere
646 1895 896 1947 potuerit*).
956 1897 1158 1946 Accedit,
1199 1897 1316 1948 quod
1355 1908 1445 1937 non
1474 1898 1716 1938 verisimile

220 1971 298 2015 est,
314 1967 428 2006 hanc
450 1965 644 2005 fabulam
660 1965 714 2004 ab
738 1975 799 2012 ea,
817 1976 949 2015 quam
968 1965 1158 2015 primum
1176 1964 1478 2005 Stesichorum
1498 1969 1714 2007 tractasse

218 2039 394 2088 putant,
444 2039 535 2075 tam
567 2035 786 2074 diversam
827 2033 985 2082 fuisse,
1035 2038 1084 2073 ut
1113 2034 1158 2073 in
1190 2044 1243 2074 ea
1272 2045 1328 2074 ne
1358 2033 1712 2084 jurisjurandi**)

218 2212 443 2256 scripturam
485 2214 522 2246 et
561 2211 839 2246 substantivum
871 2209 966 2256 κώρα
996 2210 1211 2255 corruptela
1233 2210 1426 2251 laborare,
1463 2211 1553 2246 talia
1576 2215 1714 2253 tamen,

218 2270 344 2314 qualia
368 2271 455 2302 sunt
479 2268 619 2312 μέλεται
643 2269 686 2303 δέ
709 2266 740 2303 οἱ
776 2267 818 2309 (Ι.
845 2268 924 2309 53),
960 2268 1028 2312 ἐγὼ
1053 2268 1094 2302 δέ
1123 2265 1155 2303 οἱ
1187 2267 1247 2309 (11.
1273 2268 1325 2302 72.
1354 2267 1450 2309 138),
1482 2271 1582 2311 τηνεῖ
1608 2268 1649 2303 δέ
1681 2270 1714 2304 οἱ

220 2326 281 2370 (11.
307 2326 377 2366 98),
402 2323 501 2369 χέρες
524 2323 563 2357 δέ
586 2335 637 2358 τοι
662 2322 760 2365 (ΧΧ.
787 2324 819 2362 9,
844 2323 907 2356 ubi
931 2322 1073 2366 legitur
1096 2322 1134 2355 in
1159 2322 1344 2356 nonnullis
1370 2322 1565 2357 codicibus
1590 2323 1632 2359 δέ
1653 2325 1712 2367 τι),

219 2379 235 2419 ὁ
260 2382 302 2419 δέ
325 2394 377 2418 τοι
400 2375 432 2416 κ’
463 2378 538 2424 ἔρος
557 2377 711 2422 (ΧΧΙΧ.
732 2379 801 2421 12),
826 2389 885 2413 me
911 2379 959 2412 ad
983 2379 1078 2414 hanc
1103 2378 1318 2422 opinionem
1336 2378 1538 2419 deducunt,
1562 2382 1603 2412 ut
1627 2390 1712 2423 pro—

216 2448 352 2472 nomen
377 2448 398 2470 a
432 2435 597 2469 librariis
633 2435 775 2468 illatum
815 2434 1033 2468 existimem.
1082 2433 1194 2467 Certe
1220 2444 1294 2467 non
1328 2435 1410 2468 veri
1436 2434 1618 2469 dissimile
1644 2439 1713 2476 est,

217 2503 283 2528 eos
306 2491 487 2527 memoria
522 2484 695 2527 tenentes
718 2490 903 2534 ejusmodi
928 2490 1051 2530 locosz,
1087 2490 1154 2524 ubi
1184 2490 1369 2535 particula
1398 2492 1441 2528 δέ
1472 2502 1554 2527 cum
1586 2492 1712 2527 dativo

215 2550 448 2595 pronominis
475 2550 674 2593 conjuncta
699 2550 792 2587 erat,
818 2548 851 2581 h.
875 2547 898 2580 l.
924 2547 1062 2581 invitos
1087 2557 1278 2591 peccasse.
1315 2547 1426 2591 Quod
1451 2552 1649 2592 praeterea
1673 2550 1712 2584 in

216 2606 324 2642 libris
347 2605 489 2651 legitur
512 2605 554 2642 δέ
576 2619 624 2647 τι,
664 2615 737 2639 non
761 2605 882 2639 minus
916 2615 935 2638 e
962 2604 1150 2648 scriptura
1174 2605 1216 2641 δέ
1249 2617 1300 2641 τοι
1325 2615 1435 2649 quam
1460 2615 1504 2639 ex
1529 2605 1648 2640 altera
1672 2606 1713 2643 δέ

217 2677 256 2702 τε
280 2662 469 2707 corrumpi
493 2662 626 2707 potuit.

308 2734 340 2776 *)
367 2731 545 2766 Similiter
576 2730 781 2774 judicavit.
802 2729 914 2764 etiam
940 2729 1159 2765 Welckerus
1184 2727 1322 2773 Opusc.
1347 2728 1374 2762 I.
1400 2739 1436 2773 p.
1463 2728 1546 2769 195,
1584 2739 1712 2773 quam-

218 2801 329 2836 quam
353 2789 511 2834 reliqua,
535 2798 632 2833 quae
659 2787 876 2832 disputavit,
901 2798 922 2820 a
948 2786 1136 2821 sententia
1159 2796 1242 2819 mea
1266 2785 1494 2829 discrepant.

308 2860 359 2903 **)
383 2858 657 2905 Jusjurandum
695 2859 825 2901 aperte
860 2858 1173 2890 commemoratur
1198 2864 1220 2888 a.
1245 2852 1377 2890 Servio
1403 2853 1451 2889 ad
1482 2853 1548 2890 ecl.
1574 2853 1619 2890 V.
1643 2855 1712 2894 20:
