1911 3215
950 133 1006 178 75

231 248 452 300 quandam
483 250 736 301 opinionem
777 251 1071 303 conceperim,
1113 262 1213 292 eam
1252 251 1314 291 ita
1342 251 1414 292 hic
1451 252 1497 292 in
1527 250 1723 293 medium

227 317 463 368 proferam,
504 322 553 358 ut
591 331 661 359 me
702 321 896 370 ingenue
926 322 1135 369 profitear
1164 330 1344 369 cupere,
1385 321 1422 358 si
1462 331 1490 358 a
1517 331 1624 359 vera
1651 321 1726 358 via

231 384 544 435 aberraverim‚
590 388 644 427 ab
694 388 948 428 hominibus
992 387 1132 428 doctis
1182 387 1367 427 meliora
1417 387 1600 429 edoceri.
1659 388 1727 428 Ita

231 459 379 495 autem
428 457 472 494 in
522 457 604 495 hac
651 456 912 507 quaestione
951 456 1180 503 versabor,
1230 458 1279 494 ut
1317 456 1507 505 primum
1547 455 1726 507 quidem

230 523 397 563 omissa
427 523 548 564 omni
567 523 755 575 Vergilii
784 523 1032 564 imitatione
1062 523 1115 564 de
1142 523 1249 564 solis
1271 523 1493 564 Theocriti
1522 523 1725 564 versibus

232 592 468 640 disseram,
510 593 669 632 deinde
699 603 803 632 vero
835 592 1014 631 uberius
1046 603 1283 642 exponam,
1322 592 1398 631 ubi
1430 595 1475 631 et
1504 591 1725 643 quomodo

229 663 363 710 poeta
392 661 617 699 Romanus
650 669 726 700 eos
757 659 896 711 idyllii
925 670 1102 708 versus,
1144 661 1218 712 qui
1256 660 1328 700 hic
1368 660 1412 700 in
1445 659 1726 710 disceptatio-

230 739 334 767 nem
363 728 552 767 vocandi
582 732 702 776 sunt,
733 729 803 768 vel
833 728 1161 768 adumbraverit
1190 728 1261 767 vel
1292 728 1565 778 spectaverit.

343 796 406 835 Ac
437 796 699 847 capiendum
730 795 908 848 quidem
938 799 1044 846 puto
1076 796 1331 847 disputandi
1370 795 1545 835 initium
1577 806 1603 834 a
1633 805 1727 834 ver·

231 863 355 904 sibus
389 860 471 904 138
501 875 563 916 sq.

829 935 881 982 χὼ
905 935 1034 982 Δάφνις
1057 936 1120 983 ἔβα
1144 935 1229 982 ῥόον.
1278 937 1402 973 ἔκλυσε
1425 936 1503 972 δίνα

431 993 487 1030 τὸν
513 993 664 1034 Μοίσαις
687 994 784 1039 φίλον
810 989 934 1038 ἄνδρα,
965 993 1023 1030 τὸν
1055 990 1093 1029 οὗ
1120 993 1322 1039 Νύμφαισιν
1349 991 1500 1038 ἀπεχθῆ.
1521 1011 1527 1013 s

231 1067 361 1104 Hunc
392 1067 538 1104 locum
578 1076 668 1104 non
708 1075 842 1115 posse
888 1066 941 1104 de
975 1066 1194 1104 descensu
1241 1065 1296 1103 ad
1327 1064 1627 1103 Acherontem
1666 1064 1730 1103 in-

229 1133 388 1184 telligi,
438 1133 670 1173 verissime
720 1132 950 1173 contendit
988 1133 1029 1174 C.
1061 1133 1105 1180 F.
1137 1134 1421 1172 Hermannus
1468 1132 1522 1172 de
1561 1132 1731 1182 Daphn.

230 1202 411 1242 Theocr.
441 1214 480 1252 p.
512 1197 566 1241 19
597 1212 659 1254 sq.
717 1202 830 1241 Nam
869 1201 954 1241 etsi
992 1205 1168 1253 praeter
1199 1201 1275 1242 Ov.
1306 1200 1454 1241 Amor.
1484 1201 1556 1240 111.
1586 1196 1624 1240 9.
1653 1196 1730 1241 27:

234 1271 375 1319 „hunc
406 1281 581 1322 quoque
613 1281 788 1311 summa
829 1271 923 1310 dies
955 1271 1082 1321 nigro
1121 1270 1364 1310 submersit
1394 1267 1605 1317 Averno“‚
1646 1280 1732 1321 quo

229 1348 361 1378 versu
400 1338 467 1377 vir
511 1339 795 1378 doctissimus
834 1339 1066 1389 vulgarem
1117 1338 1455 1389 explicationem
1497 1336 1734 1377 defendere

229 1419 318 1447 non
358 1407 491 1446 licere
532 1407 647 1446 bene
689 1407 856 1453 docuit,
902 1406 1069 1450 mentio
1110 1406 1314 1446 facienda
1353 1406 1434 1445 fuit
1475 1407 1609 1445 etiam
1647 1405 1734 1444 loci

229 1474 528 1525 Propertiani‚
569 1474 644 1524 qui
686 1474 850 1524 legitur
880 1473 949 1513 III.
982 1468 1046 1513 16.
1076 1469 1105 1512 9
1145 1471 1232 1521 (IV.
1266 1468 1329 1514 18.
1359 1469 1387 1513 9
1418 1474 1481 1514 ed.
1512 1471 1729 1518 Lachm.):

229 1543 335 1591 „His
364 1552 547 1592 pressus
579 1541 758 1592 Stygias
789 1542 961 1581 vultum
993 1542 1172 1581 demisit
1200 1543 1246 1581 in
1277 1541 1458 1590 undas“,
1495 1546 1645 1581 tamen
1676 1552 1733 1581 ne

231 1611 302 1650 his
334 1610 513 1663 quidem
534 1610 682 1650 verbis
713 1610 802 1650 ullo
823 1609 954 1649 modo
983 1609 1126 1649 evinci
1156 1620 1290 1661 posse
1320 1614 1439 1661 puto,
1472 1621 1585 1663 quae
1615 1609 1731 1661 apud

231 1679 514 1719 Theocritum
544 1679 755 1730 leguntur
785 1689 837 1717 eo
867 1678 1021 1726 modo,
1062 1689 1148 1730 quo
1180 1679 1415 1718 voluerunt
1453 1678 1730 1729 interpretes,

231 1746 487 1798 accipienda
508 1757 619 1789 esse.
657 1747 884 1786 Hactenus
906 1747 1042 1796 igitur
1061 1747 1367 1786 Hermannum
1387 1757 1542 1786 verum
1562 1747 1730 1787 vidisse

229 1819 347 1867 puto.
389 1815 447 1858 At
467 1826 571 1855 vero
602 1826 735 1866 quam
763 1814 858 1864 ipse
890 1814 1228 1864 explicationem
1258 1815 1457 1865 protulit,
1489 1814 1730 1865 significari

232 1884 479 1934 Daphnidis
508 1884 783 1933 profluvium,
815 1893 901 1933 quo
934 1882 1050 1922 nivis
1081 1882 1136 1920 ad
1167 1882 1349 1921 modum
1381 1882 1624 1922 dissolutus
1656 1883 1729 1922 de·

231 1952 427 1992 cedendo
463 1951 589 2003 quasi
618 1950 785 1990 fontem
816 1950 1039 1989 effecisset
1080 1949 1214 2001 inque
1244 1950 1387 1989 undas
1428 1950 1613 1998 abisset,
1659 1962 1729 1990 co-

230 2021 384 2060 haeret
414 2019 489 2059 illa
519 2018 696 2070 quidem
718 2029 819 2057 cum
848 2014 1057 2057 universa
1078 2018 1311 2065 sententia,
1343 2029 1476 2069 quam
1507 2018 1561 2058 de
1582 2018 1728 2068 Daph-

231 2089 347 2129 nidis
377 2087 526 2128 fabula
556 2086 775 2136 concepit,
816 2086 892 2125 sed
934 2086 1072 2125 multo
1109 2086 1253 2136 magis
1287 2090 1438 2125 coacta
1470 2088 1539 2126 est
1568 2085 1727 2125 multo-

231 2166 317 2206 que
348 2155 497 2193 durior
539 2165 672 2205 quam
700 2153 897 2204 vulgaris
937 2153 1260 2203 interpretatio,
1300 2164 1445 2205 neque
1486 2164 1586 2193 cum
1625 2154 1729 2194 sim-

229 2222 424 2273 plicitate
455 2222 674 2261 sermonis
704 2222 954 2261 Theocritei
984 2222 1073 2261 ullo
1105 2221 1237 2261 modo
1269 2232 1513 2271 congruere
1542 2222 1728 2260 videtur.

229 2289 444 2341 Equidem
494 2298 616 2336 eum,
673 2289 747 2340 qui
798 2291 994 2328 mentem
1040 2290 1324 2342 animumque
1370 2299 1590 2342 nusquam
1640 2289 1727 2329 alio

230 2358 317 2398 nisi
346 2357 392 2397 in
412 2357 636 2397 Theocriti
655 2368 811 2397 versus
843 2358 1119 2405 converterit,
1149 2368 1438 2398 assensurum
1469 2358 1578 2397 mihi
1607 2361 1726 2409 puto,

228 2427 282 2466 iis
323 2425 628 2466 tantummodo
669 2425 910 2476 significari
953 2436 1107 2477 posse,
1153 2424 1393 2479 Daphnidem
1431 2429 1471 2466 in
1504 2428 1652 2479 fluctus
1690 2439 1729 2467 se

225 2498 503 2548 praecipitasse
533 2501 568 2534 et
596 2497 652 2534 ita
672 2495 784 2534 undat-x
813 2493 995 2534 obrutum
1014 2506 1103 2534 esse.
1144 2495 1274 2534 Hunc
1294 2494 1541 2545 Daphnidis
1561 2494 1727 2533 exitum

231 2562 322 2602 scio
351 2573 379 2602 a
407 2562 529 2602 nullo
551 2562 762 2613 scriptore
784 2562 1139 2612 commemorari3
1170 2572 1254 2603 nec
1283 2566 1433 2604 tamen
1461 2563 1546 2603 hoc
1566 2562 1728 2604 mirum

229 2630 323 2671 fore
344 2631 570 2678 existimo,
601 2632 639 2670 si
669 2631 775 2670 illud
805 2631 1100 2681 reputaveris,
1132 2634 1177 2670 et
1206 2632 1480 2672 diversarum
1510 2634 1728 2671 terrarum

229 2699 371 2740 fuisse
390 2700 504 2738 hanc
525 2698 719 2738 fabulam
741 2701 785 2738 et
814 2698 859 2737 in
890 2699 986 2749 ipsa
1008 2699 1158 2739 Sicilia
1179 2711 1277 2739 eam
1297 2700 1351 2739 ab
1375 2699 1560 2738 aliarum
1581 2699 1725 2750 regio-

230 2780 338 2810 num
368 2767 621 2820 pastoribus
662 2767 788 2808 aliter
828 2767 939 2808 tradi
979 2769 1190 2819 potuisse.
1248 2768 1360 2808 Nam
1398 2771 1571 2808 tantum
1600 2768 1730 2809 abest

232 2841 280 2879 ut
301 2839 585 2879 Theocritum
615 2838 762 2889 ipsum
784 2838 1024 2890 quidquam
1045 2838 1228 2879 finxisse
1249 2837 1439 2887 credam,
1470 2840 1520 2877 ut
1548 2847 1731 2890 prorsus
