1911 3215
967 110 1026 154 34

244 224 313 268 35.
343 224 411 268 42.
459 228 508 268 X.
539 224 606 269 23.
674 228 761 268 Sed
801 237 1101 278 exaggerasse
1137 237 1233 266 rem
1270 230 1454 278 poetam
1488 228 1754 277 Romanum,

246 296 439 347 probant
469 297 691 346 ejusmodi
720 296 815 343 loci,
835 294 913 335 ubi
942 295 989 335 in
1009 294 1193 335 Graecis
1223 295 1402 335 iteratio
1430 306 1523 336 non
1551 296 1754 338 habetur.

246 364 305 405 Of.
327 365 381 405 id.
403 365 475 405 IV.
494 362 523 406 2
554 375 655 404 cum
686 364 764 404 ecl.
784 364 854 404 III.
872 359 910 412 2,
941 364 997 404 id.
1017 364 1070 404 V.
1090 359 1150 404 80
1170 373 1264 416 sqq.
1286 373 1388 403 cum
1410 363 1488 405 ecl.
1508 364 1579 405 111.
1597 359 1666 405 6⁰.
1686 359 1754 406 62.

244 433 295 472 In
327 433 504 473 duobus
533 433 772 485 postremis
803 432 913 473 locis
945 441 1046 472 eam
1077 431 1133 472 ad
1157 432 1417 473 evitandum
1445 442 1694 483 pronomen
1724 435 1756 475 ts

247 502 494 542 admissam
534 513 651 554 esse,
695 501 797 541 inde
833 501 1115 552 perspicitur,
1155 501 1275 553 quod
1312 501 1430 552 apud
1466 502 1754 554 Theocritum

244 581 490 621 pronomen
539 561 666 616 αὐτὸς
713 579 791 619 pro
847 570 1038 620 repetito
1089 570 1271 610 nomine
1327 572 1594 621 usurpatum
1644 573 1751 611 erat.

245 639 394 692 Atque
440 642 490 678 ut
540 638 656 678 hanc
704 649 800 679 rem
840 638 926 679 hoc
975 639 1072 690 ipso
1123 639 1222 679 loco
1271 641 1523 692 profligem‚
1573 640 1753 679 tertiam

245 719 422 760 quoque
468 707 744 757 pronominis
795 707 992 746 evitandi
1041 707 1160 746 viam
1208 712 1344 757 poeta
1391 709 1626 759 ingressus
1671 711 1752 747 est

245 776 473 816 Interdum
521 775 629 815 illud
669 785 851 826 prorsus
892 776 1055 816 omisit.
1120 775 1227 816 Inde
1266 776 1444 816 facilem
1484 776 1753 827 explicatum

242 845 411 884 habent
455 845 570 883 tales
618 847 887 892 structurae,
931 845 1086 895 quales
1131 847 1237 883 sunt
1281 845 1360 884 ecl.
1400 845 1452 885 V.
1481 839 1540 884 36
1569 855 1632 897 sq.
1682 845 1751 884 IX.

244 909 271 953 2
303 923 386 964 sq.‚
419 912 473 952 de
504 923 592 964 quo
622 912 720 952 loco
752 913 837 953 vid.
868 912 1035 954 Ameis.
1067 912 1180 965 Spic.
1215 924 1254 964 p.
1287 909 1340 953 15
1378 916 1424 953 et
1452 913 1674 965 Ladewig.
1704 909 1769 953 in'

243 985 334 1022 not.
400 982 548 1033 Atque
600 982 737 1022 etiam
779 983 838 1022 ad
884 982 1018 1022 crisin
1065 982 1360 1022 exercendam
1396 982 1509 1022 haec
1545 981 1751 1034 quaestio

243 1051 373 1091 affert
405 1050 629 1102 quandam
660 1051 913 1091 utilitatem.
960 1051 1140 1092 Etenim
1171 1051 1290 1104 quod
1319 1051 1528 1092 Reiskius
1559 1051 1665 1091 olim
1694 1043 1774 1104 id.v

241 1120 313 1160 IV.
344 1116 372 1160 2
404 1131 456 1159 ex
495 1120 678 1169 ingenio
715 1120 893 1170 scripsit
923 1112 1065 1168 αὐτὸς,
1102 1120 1148 1159 id
1177 1123 1359 1170 propter
1387 1119 1576 1169 Vergilii
1606 1119 1752 1158 imita-

241 1188 411 1227 tionem
443 1188 520 1228 ecl.
547 1188 616 1228 III.
648 1183 676 1227 2
705 1188 1005 1238 probaverunt
1035 1188 1240 1228 Koehler.
1286 1188 1384 1228 Not.
1416 1191 1461 1227 et
1489 1187 1672 1228 Emend.
1702 1188 1750 1227 in

242 1257 424 1296 Theocr.
460 1269 499 1306 p.
532 1252 587 1295 19
624 1259 668 1295 et
710 1257 755 1295 in
793 1256 934 1295 altera
972 1256 1075 1296 edit.
1112 1257 1375 1296 Valckenar.
1442 1256 1607 1296 Contra
1642 1255 1750 1294 facit

241 1335 329 1364 non
362 1324 525 1372 solum,
563 1323 698 1374 quod,
736 1324 773 1363 si
810 1316 939 1371 αὐτὸς
967 1324 1156 1375 legisset
1184 1325 1431 1376 Vergilius,
1461 1335 1552 1364 non
1582 1334 1748 1364 nomen

240 1392 401 1444 Aegon
439 1393 668 1440 iterasset,
706 1392 785 1432 sed
821 1396 900 1445 ipse
929 1393 1201 1443 scripsisset,
1237 1404 1395 1433 verum
1435 1393 1590 1442 etiam,
1631 1392 1751 1445 quod

239 1462 384 1501 noluit
420 1461 683 1512 pronomine
723 1462 763 1502 id
792 1462 868 1502 uti.
928 1461 1036 1502 Inde
1077 1462 1362 1511 concludere,
1402 1464 1583 1513 poetam
1620 1454 1753 1509 αὐτάς

239 1541 330 1570 non
360 1531 593 1581 reperisse,
626 1541 768 1581 aeque
800 1530 1183 1589 inconsideratum
1205 1534 1284 1579 est,
1316 1542 1368 1570 ac
1400 1531 1438 1570 si
1461 1531 1560 1582 quis
1591 1541 1615 1569 e
1635 1541 1674 1570 v.
1694 1526 1749 1569 71

237 1611 359 1648 „cras
390 1600 532 1639 altera
563 1596 764 1639 mittam“
796 1600 1012 1648 conjiciat,
1044 1600 1162 1649 apud
1192 1600 1481 1639 Theocritum
1511 1599 1566 1639 id.
1598 1599 1668 1638 III.
1697 1594 1749 1637 11

236 1679 484 1719 pronomen
513 1678 578 1707 τοι
608 1667 932 1708 removendum
964 1678 1076 1709 esse.
1135 1668 1250 1708 Nam
1281 1668 1342 1708 ibi
1372 1667 1612 1718 Vergilius,
1644 1678 1751 1720 quo-

236 1738 358 1777 niam
405 1737 629 1777 secundae
675 1737 940 1795 pronomine
985 1748 1204 1788 personae
1236 1738 1301 1777 uti
1347 1749 1438 1777 non
1473 1739 1667 1787 poterat,
1717 1739 1754 1777 ei

235 1816 402 1857 ponere
439 1805 649 1854 debebat,
688 1806 726 1845 si
764 1808 971 1845 accurate
1009 1808 1240 1845 auctorem
1278 1805 1521 1856 exprimere
1559 1804 1749 1844 volebat.

235 1876 390 1927 Neque
412 1874 468 1913 ad
500 1873 765 1925 scripturam
786 1863 916 1923 οὗτος,
948 1884 1082 1927 quam
1114 1876 1193 1914 aut
1221 1874 1439 1925 praebent
1460 1876 1537 1913 aut
1557 1873 1751 1913 suadent

236 1943 437 1983 nonnulli
470 1943 662 1991 codices,
703 1943 871 1994 aliquid
903 1943 1184 1982 auctoritatis
1216 1954 1239 1982 e
1270 1942 1459 1993 Vergilii
1489 1952 1622 1981 versu
1654 1941 1747 1980 erui

234 2014 395 2063 potest,
417 2012 628 2064 quoniam
658 2022 904 2063 pronomen
928 2010 985 2052 hic
1016 2022 1106 2052 non
1127 2009 1286 2051 vitavit
1314 2014 1460 2062 poeta.
1501 2009 1749 2061 Singularis

238 2081 459 2131 quaedam
480 2081 685 2130 repetitio
704 2083 784 2128 est,
801 2091 939 2131 quum
959 2080 1078 2119 idem
1094 2079 1361 2120 vocabulum
1382 2090 1406 2119 e
1424 2079 1623 2119 chiasmo
1641 2088 1749 2130 quo-

237 2150 339 2189 dam
369 2149 413 2188 in
434 2149 649 2199 principio
674 2152 718 2188 et
738 2149 784 2188 in
804 2149 892 2187 fine
916 2159 1074 2189 versus
1095 2149 1287 2199 ponitur,
1316 2160 1451 2200 quam
1473 2148 1749 2187 aTheocrito

236 2218 291 2258 id.
311 2219 338 2258 Ι.
357 2212 415 2257 80
436 2220 668 2269 acceptam
690 2217 923 2268 usurpavit
943 2217 1070 2260 Maro
1102 2218 1180 2258 ecl.
1202 2218 1250 2258 X.
1270 2213 1328 2257 39
1347 2220 1392 2257 et
1412 2218 1504 2258 VII.
1525 2214 1563 2267 4,
1595 2228 1749 2270 quam-

240 2299 373 2339 quam
403 2288 448 2326 in
480 2288 534 2326 iis
565 2287 783 2334 versibus,
816 2297 929 2338 quos
961 2287 1032 2326 hic
1054 2286 1273 2337 spectavit
1295 2284 1366 2335 (id.
1388 2287 1501 2326 VIII.
1522 2283 1548 2325 3
1572 2283 1663 2336 sq),
1696 2295 1749 2323 ea

235 2355 405 2403 vocula,
438 2366 552 2407 quae
585 2356 630 2395 in
656 2355 872 2407 principio
895 2366 1053 2396 versus
1074 2356 1223 2406 posita
1245 2358 1358 2404 erat,
1389 2358 1492 2406 post
1514 2364 1628 2393 caes.
1650 2353 1747 2393 buc.

234 2424 427 2474 repetita
458 2427 546 2462 est:
579 2424 699 2471 item,
731 2436 869 2476 quum
900 2425 1169 2465 vocabulum
1202 2423 1383 2475 aliquod
1412 2423 1483 2462 bis
1514 2422 1560 2461 in
1589 2422 1748 2472 priore,

236 2493 378 2533 semel
428 2492 474 2531 in
511 2493 757 2542 posteriore
800 2504 959 2534 versus
1003 2496 1130 2545 parte
1170 2492 1353 2543 legitur,
1404 2492 1531 2541 cujus
1569 2491 1748 2542 generis

236 2562 439 2612 exempla
480 2571 621 2612 quum
658 2562 774 2611 apud
811 2563 1100 2602 Theocritum
1144 2561 1325 2612 saepius
1363 2560 1643 2611 reperiantur
1680 2559 1748 2609 (cf.

234 2631 262 2669 I.
295 2626 387 2669 113.
438 2630 487 2670 11.
518 2624 585 2669 82.
634 2629 704 2668 III.
734 2625 801 2668 42.
851 2630 942 2669 VII.
973 2627 1040 2670 77.
1089 2629 1180 2669 XV.
1205 2624 1316 2675 123),
1348 2628 1416 2667 bis
1448 2628 1599 2668 inveni
1630 2628 1749 2679 apud

233 2697 484 2749 Vergilium
515 2698 592 2739 ecl.
624 2697 735 2737 VIII.
764 2693 832 2738 41.
862 2694 934 2745 44,
967 2699 1041 2750 qui
1071 2709 1159 2738 vss.
1191 2709 1245 2738 ex
1275 2697 1330 2737 id.
1351 2698 1410 2740 11.
1442 2692 1499 2738 82
1543 2696 1628 2745 (ΙΙΙ.
1658 2692 1744 2744 42).

234 2766 325 2805 VII.
355 2762 411 2805 77
450 2767 705 2806 adumbrati
743 2768 865 2805 sunt:
907 2765 1115 2818 denique,
1153 2766 1192 2805 si
1228 2776 1318 2805 una
1354 2777 1441 2806 vox
1476 2766 1574 2806 sine
1611 2765 1746 2805 inter-

244 2835 457 2886 capedine
506 2835 693 2875 iteratur
740 2828 1023 2876 ἀναδιπλώσει.
1094 2835 1262 2875 Versus
1308 2836 1436 2876 initio
1487 2835 1533 2874 id
1583 2834 1752 2875 factum
