1911 3215
912 101 970 146 54

395 217 487 251 Tale
512 219 618 250 tuum
643 226 793 251 carmen
818 214 941 254 nobis,
967 213 1093 247 divine
1118 215 1244 258 poeta,

394 274 514 318 Quale
540 284 656 319 sopor
680 272 793 308 fessis
818 273 856 307 in
883 271 1064 317 gramine,
1091 271 1201 316 quale
1226 281 1295 317 per
1321 273 1467 307 aestum

393 330 525 366 Dulcis
552 342 672 376 aquae
701 330 859 364 saliente
885 329 985 363 sitim
1009 329 1250 372 restinguere
1275 330 1368 362 rivo.

189 428 420 479 Expressit
458 431 592 479 poeta
633 427 744 466 duos
776 426 999 466 Theocriti
1040 426 1182 473 locos,
1227 425 1283 465 id.
1314 426 1333 465 I
1362 437 1400 465 v,
1431 423 1460 465 7
1501 430 1545 466 et
1574 422 1612 467 8.
1643 427 1699 468 id.

189 497 290 536 VIII
321 508 359 537 v.
389 493 455 537 77.
515 496 625 535 Illud
658 494 946 534 manifestum
978 497 1047 534 est
1085 503 1110 534 e
1142 505 1178 534 v.
1206 489 1262 533 45
1300 494 1395 534 coll.
1435 505 1474 534 v.
1505 491 1534 534 7
1572 487 1700 546 ἅδιον,

190 553 221 605 ὦ
251 558 424 617 ποιμάν,
462 556 510 603 τὸ
541 556 633 603 τεὸν
665 559 811 616 μέλος,
856 564 940 602 hoc
987 574 1011 602 e
1051 562 1315 613 repetitione
1354 563 1560 603 vocabuli
1599 568 1703 615 post

195 643 423 673 caesuram
454 642 492 672 V.
522 628 599 680 46,
638 643 771 683 quam
803 632 996 681 sumpsit
1034 642 1058 670 e
1087 641 1223 670 versu
1252 632 1453 681 proximo
1483 628 1560 680 76,
1601 635 1646 672 et
1676 645 1701 673 e

189 701 378 740 transitu
410 712 436 740 a
468 701 746 739 substantivo
779 700 834 739 ad
860 700 1046 739 verbum
1079 699 1194 738 facto
1216 697 1349 751 (quale
1374 713 1490 753 sopor
1511 706 1555 740 et
1585 701 1702 755 quale

166 809 170 811 a
191 774 438 822 restinyuere,
471 773 519 808 ut
540 760 618 808 ἁδὺ
649 761 696 808 τὸ
727 766 892 821 πνεῦμα
913 772 957 808 et
976 759 1054 809 ἁδὺ
1085 765 1408 820 αἰῇριοκοιτεῖν),
1431 781 1701 822 quamquam

191 842 343 889 poeta,
376 842 424 877 ut
453 841 753 888 congruerent
782 847 940 876 versus
972 848 1073 876 cum
1102 837 1251 876 verbis
1284 848 1398 889 quae
1428 838 1702 889 respondent

188 917 275 946 vss.
306 901 495 952 82—84,
528 907 626 946 aliis
658 906 891 955 adjectivis
923 916 1032 946 usus
1064 908 1144 946 est.
1202 907 1442 947 Praeterea
1470 906 1526 947 id.
1557 907 1576 947 I
1604 918 1643 948 v.
1673 903 1702 947 8

193 978 237 1014 et
267 975 367 1014 VIII
397 987 435 1015 v.
466 971 522 1014 77
560 986 727 1025 magna
758 974 950 1026 quadam
982 977 1076 1013 arte
1119 974 1181 1013 ita
1220 974 1267 1014 in
1306 984 1401 1014 rem
1425 986 1567 1016 vsuam
1600 986 1702 1016 con-

190 1044 339 1091 vertit,
377 1047 426 1083 ut
457 1055 543 1095 quo
576 1043 860 1082 concinerent
890 1044 975 1082 hae
1008 1043 1121 1082 duae
1152 1043 1391 1093 imagines,
1429 1046 1473 1083 et
1504 1044 1704 1084 demeret

192 1116 236 1152 ct
266 1113 449 1152 adderet
480 1112 711 1164 quaedam.
770 1112 882 1151 Nam
914 1112 1189 1161 dactylorum
1226 1111 1475 1163 frequentia
1505 1115 1549 1152 et
1586 1114 1702 1162 ejus-

190 1181 290 1220 dem
322 1182 475 1220 literae
507 1181 770 1230 repetitione
794 1183 838 1219 et
867 1180 1117 1229 adjectione
1148 1180 1368 1230 participii
1398 1179 1559 1220 saliente
1590 1181 1699 1221 satis

188 1250 344 1290 habuit
373 1261 411 1290 v.
440 1245 497 1289 47
527 1249 571 1288 id
601 1249 814 1295 indicare,
846 1248 965 1300 quod
996 1248 1232 1299 descripsit
1262 1247 1571 1299 Syracusanus
1599 1249 1699 1289 loco

187 1318 334 1369 priore·
364 1318 624 1357 accuratius.
670 1317 842 1356 Novam
873 1317 971 1356 sitis
1001 1317 1244 1356 restinctae
1273 1316 1521 1368 imaginem
1551 1317 1701 1357 intulit

190 1388 361 1428 ratione
394 1387 576 1425 alterius
606 1387 694 1425 loci
723 1386 899 1432 habita,
938 1397 961 1424 e
994 1396 1080 1436 quo
1119 1386 1364 1435 assumpsit
1401 1385 1535 1424 etiam
1565 1387 1704 1425 verba

187 1468 258 1508 per
281 1461 432 1495 aestum
454 1450 529 1500 (τῶ
549 1448 725 1505 Ξςέρεος).
766 1454 869 1493 Jam
890 1453 992 1492 huic
1023 1452 1210 1503 imagini
1230 1463 1319 1491 non
1348 1453 1492 1503 potuit
1510 1454 1703 1504 priorem

192 1522 540 1569 accommodare,
571 1522 658 1561 nisi
690 1522 734 1561 in
759 1532 811 1560 ea
833 1522 1029 1571 speciem
1050 1521 1200 1570 potius
1223 1521 1415 1560 efferens
1445 1533 1523 1572 pro
1547 1518 1703 1575 αἰῗῖριο-

192 1591 359 1640 κοιτεῖν,
402 1589 519 1642 quod
550 1589 696 1640 magis
727 1589 925 1629 universi
964 1592 1034 1628 est
1065 1589 1362 1640 significatus,
1402 1599 1559 1630 vocem
1590 1603 1704 1643 sopor

191 1659 469 1698 adhibuisset
490 1661 534 1696 et
557 1658 850 1707 oppositionis
874 1668 1010 1697 causa
1029 1668 1119 1697 non
1142 1658 1289 1698 solum
1316 1659 1429 1710 fessis
1452 1658 1703 1708 adjecisset,

192 1727 270 1767 sed
313 1726 448 1766 etiam
487 1726 623 1765 verba
661 1719 761 1779 παρ’
805 1719 913 1779 ὕδωρ
953 1721 1040 1778 ῥέον
1069 1747 1127 1752 -—
1156 1738 1261 1765 nam
1305 1731 1600 1777 occuppasset
1639 1739 1703 1776 ea,

194 1806 307 1847 quae
330 1795 512 1834 alterius
544 1795 756 1845 imaginis
789 1798 916 1834 erant
935 1814 992 1820 —
1013 1795 1298 1845 neglexisset.
1339 1794 1526 1834 Addidit
1555 1798 1705 1836 autem

192 1868 232 1905 in
260 1867 445 1915 yramine,
479 1867 528 1903 ut
558 1864 808 1903 imitaretur
836 1874 995 1903 versus
1027 1864 1278 1904 Theocritei
1310 1874 1542 1903 caesuram
1573 1865 1706 1905 buco-

193 1933 336 1972 licam.
421 1933 575 1983 Itaque
615 1933 962 1984 haudquaquam
1005 1935 1140 1983 poeta
1182 1943 1221 1973 v.
1257 1927 1316 1971 46
1364 1932 1419 1972 id.
1464 1932 1523 1971 IX
1571 1943 1609 1972 v.
1648 1929 1705 1972 33

194 2004 423 2052 spectasse
462 2001 688 2052 putandus
721 2005 810 2050 est,
842 2012 988 2054 neque
1021 2005 1141 2042 stare
1171 2004 1372 2053 possunt,
1404 2011 1517 2053 quae
1548 2000 1707 2052 Vergi-

194 2071 314 2108 liano
345 2080 480 2108 versu
509 2070 644 2108 innisi
685 2073 938 2109 statuerunt
977 2070 1032 2109 de
1063 2071 1302 2109 Theoriteo
1332 2069 1707 2109 Wordsworthius

197 2137 253 2177 ad
283 2137 308 2177 l.
340 2138 363 2177 l.
396 2139 440 2176 et
461 2137 746 2178 Hermannus
780 2138 833 2178 de
865 2140 943 2179 art.
964 2148 1085 2189 poes.
1107 2138 1204 2180 buc.
1233 2151 1273 2190 p.
1293 2133 1331 2179 6.
1364 2138 1555 2179 Versum
1587 2138 1705 2179 enirn

195 2207 270 2246 illo
300 2208 398 2245 loco
430 2206 666 2253 excidisse,
699 2218 752 2245 ex
782 2207 981 2246 Maronis
1019 2208 1289 2255 imitatione,
1331 2219 1444 2258 quae
1476 2207 1598 2247 nulla
1629 2211 1707 2255 est,

198 2276 430 2324 conjicere,
461 2275 689 2314 incautum
721 2278 855 2326 atque
887 2275 1267 2315 inconsideratum
1299 2279 1378 2315 est.

312 2343 412 2381 Alia
443 2343 645 2392 quaestio
668 2346 737 2382 est
758 2354 900 2394 eaque
932 2344 1211 2393 gravissima,
1234 2343 1340 2394 quid
1363 2343 1708 2383 existimandum

196 2411 254 2451 sit
269 2411 322 2451 de
340 2410 592 2463 stropharum
605 2414 767 2459 racione,
790 2424 922 2464 quam
941 2412 1339 2452 animadvertimus
1357 2411 1475 2462 apud
1489 2411 1708 2452 Graecum

195 2483 376 2530 poetam
408 2482 452 2517 et
483 2480 600 2528 apud
630 2480 889 2530 Vergilium.
950 2482 1015 2519 De
1060 2492 1147 2531 qua
1189 2490 1459 2531 quamquam
1497 2480 1709 2533 pleraque

194 2548 393 2588 nondum
426 2547 536 2586 satis
568 2548 793 2597 explorata
825 2553 948 2596 sunt,
980 2552 1132 2588 tamen
1164 2548 1227 2586 ita
1259 2559 1312 2587 ea
1343 2552 1599 2598 comparata
1630 2551 1710 2597 est,

197 2620 245 2656 ut
275 2618 320 2656 in
352 2615 668 2666 investiganda
698 2620 858 2666 poetae
880 2611 1069 2658 Romani
1098 2616 1346 2656 imitatione
1378 2617 1554 2658 silentio
1585 2628 1710 2669 prae-

197 2685 412 2724 tereunda
433 2696 523 2724 non
545 2685 760 2723 videatur.
804 2685 947 2736 Atque
979 2690 1027 2725 ut
1058 2686 1112 2725 ab
1145 2685 1211 2732 iiS,
1242 2697 1354 2737 quae
1376 2687 1566 2726 certiora
1596 2689 1710 2734 sunt,

199 2755 452 2805 disputandi
494 2754 670 2794 initium
705 2754 896 2804 capiam,
939 2755 1184 2795 cantilenas
1225 2756 1491 2796 amoebaeas
1533 2757 1578 2795 et
1614 2755 1710 2796 bre-

196 2825 343 2863 viores
385 2829 430 2863 et
467 2825 691 2864 interdum
733 2824 868 2863 etiam
908 2824 1135 2875 longiores
1167 2826 1436 2876 compositas
1479 2834 1581 2865 esse
1611 2825 1708 2876 pari
