1911 3215
942 92 997 139 18

208 213 476 260 nominatus,
506 213 824 254 Phrasidamus
855 209 900 252 et
919 211 1176 262 Antigenes·
1199 212 1371 262 fratres,
1400 213 1591 264 Lycidas
1611 221 1713 256 cum

190 280 480 342 jAgeanacte,
512 289 781 334 quamquam
811 280 970 331 prioris
1001 290 1165 322 nomen
1196 282 1349 322 fictum
1378 281 1520 323 videri
1554 286 1713 335 potest,

181 343 191 405 f
207 351 425 390 incertum
456 352 575 390 veris
596 362 652 390 an
673 351 785 390 fictis
807 350 1024 399 Eucritus‚
1055 351 1287 401 Amyntas,
1318 350 1492 401 Aristis,
1523 360 1550 391 a
1569 353 1713 403 patria

180 408 352 458 ‘vocati
383 419 683 458 Acharnensis
714 418 787 457 ille
820 422 864 458 et
894 419 1143 469 Lycopites,
1173 420 1276 461 ficto
1308 421 1490 459 nomine
1510 420 1710 470 Tityrus3

171 523 173 527 Α
208 490 352 526 semet
381 488 527 537 ipsum
556 490 688 536 poeta
719 486 989 526 Simichidae
1033 488 1213 527 nomine
1253 488 1524 538 significavit
1563 495 1712 528 suam-

207 566 292 607 que
323 556 511 595 amicam
542 555 687 604 Myrto
718 556 967 605 appellavit.
1028 556 1157 606 Quod
1186 565 1293 596 vero
1332 559 1379 596 et
1423 565 1473 596 se
1512 559 1557 596 et
1584 553 1711 607 Lyci-

206 625 308 664 dam
340 634 439 664 cum
472 624 758 672 Acharnensi‚
802 625 1016 674 Lycopita
1044 628 1091 664 et
1119 626 1271 675 Tityro
1300 628 1531 675 pastorum
1560 624 1711 674 specie

204 693 384 741 induxit,
416 703 468 731 ea
499 702 545 731 re
566 690 724 732 Musae
756 692 983 732 bucolicae
1003 692 1261 733 facultatem
1287 694 1541 744 significare
1559 692 1710 733 voluit.

204 762 405 814 Denique
454 773 590 814 quum
633 765 784 812 aperte
830 757 1068 802 laudentur
1108 769 1147 801 v.
1178 758 1237 802 39
1263 770 1359 815 sqq.
1427 763 1624 803 Philetas
1666 764 1712 801 et
1793 810 1796 811 ⁷

203 832 504 881 Asclepiades
535 834 653 870 tecte
694 831 939 882 castigatur
966 827 1023 870 45
1053 840 1147 883 sqq.
1171 832 1266 871 sive
1297 831 1561 882 Apollonius
1592 832 1709 870 Rho-

203 900 301 939 dius
334 900 428 939 sive
460 899 713 949 Antagoras
743 899 943 939 Rhodius
975 900 1069 939 sive
1101 900 1352 952 quicunque
1389 899 1709 951 intelligendus

203 972 282 1008 est.
343 970 489 1017 Quum
522 968 640 1007 enim
670 979 760 1007 non
791 969 834 1007 id
865 969 905 1008 h.
936 966 962 1008 1.
993 979 1142 1019 agam,
1188 972 1238 1008 ut
1266 970 1378 1009 haec
1414 969 1596 1008 uberius
1637 977 1707 1006 ex-

201 1033 373 1087 plicem,
405 1036 515 1077 satis
545 1036 690 1076 habeo
712 1037 921 1077 laudasse
944 1047 998 1077 ea
1019 1046 1131 1089 quae
1152 1037 1356 1077 dixerunt
1376 1037 1431 1078 de
1451 1037 1536 1077 hoc
1555 1034 1708 1086 idyllio

202 1106 533 1145 Wuestemann.
563 1106 609 1144 in
650 1117 758 1156 arg„
802 1107 1014 1146 Fritzsch.
1052 1116 1091 1156 p.
1122 1103 1149 1144 3
1196 1117 1306 1158 sqq.‚
1350 1107 1516 1146 Ameis.
1548 1105 1707 1144 Adnot.

125 1163 147 1181 ⁵
200 1185 239 1224 p.
258 1169 317 1212 38
348 1183 410 1225 sq.
433 1178 477 1213 et
507 1174 619 1213 Ann.
650 1174 753 1224 phil.
777 1177 821 1213 et
850 1175 976 1225 paed.
996 1175 1021 1214 l.
1047 1175 1070 1213 l.
1092 1187 1129 1225 p.
1154 1171 1258 1223 197„
1288 1174 1466 1214 Hauler.
1495 1185 1536 1224 p.
1555 1168 1584 1211 7
1614 1181 1708 1223 sqq.

201 1243 362 1294 quique
412 1246 643 1293 praeterea
693 1243 748 1282 ab
799 1243 870 1282 his
930 1244 1138 1283 omnibus
1198 1243 1534 1284 commemorati
1592 1244 1707 1281 sunt.

198 1311 515 1350 Memorabiles
545 1314 778 1361 praeterea
805 1315 913 1367 xsunt
942 1312 1030 1351 duo
1061 1312 1157 1360 loci,
1188 1312 1234 1351 in
1266 1312 1428 1363 quibus
1458 1314 1591 1362 poeta
1609 1310 1706 1360 ipse

199 1380 538 1431 ambiguitatem
570 1379 752 1419 molitus
785 1389 886 1420 esse
916 1377 1103 1421 videtur.
1161 1381 1275 1420 Nam
1306 1380 1424 1432 quod
1456 1380 1510 1419 de
1546 1379 1601 1419 id.
1633 1378 1703 1419 111.

198 1461 235 1489 v.
266 1445 322 1488 35
355 1450 463 1488 dixit
493 1449 783 1496 Fritzschius,
829 1449 892 1488 ita
921 1450 1100 1499 probari
1129 1459 1263 1499 posse
1304 1449 1493 1496 videtur,
1539 1448 1577 1486 si
1618 1449 1705 1486 sta-

198 1509 376 1565 tuimus,
407 1517 584 1557 tertiam
606 1517 721 1557 hanc
742 1527 841 1557 esse
865 1517 1089 1557 Theocriti
1111 1517 1302 1558 amicam
1323 1521 1367 1557 et
1388 1527 1494 1557 casu
1513 1515 1705 1567 quodam

197 1586 314 1625 felici
346 1586 533 1625 eandem
564 1596 719 1625 vocem
750 1581 938 1638 ἐριῖςακίς
969 1590 1209 1626 et·n0men
1241 1590 1285 1626 et
1314 1596 1497 1637 operam
1527 1584 1702 1635 puellae

197 1655 487 1705 significasse.
547 1655 595 1693 Id
627 1654 746 1694 enim
777 1655 817 1693 si
846 1655 943 1694 fieri
972 1656 1173 1705 potuisse
1204 1652 1442 1699 credimus,
1474 1651 1706 1703 explentur

178 1735 259 1775 rea,
293 1733 405 1774 quae
425 1723 668 1772 postulavit
690 1723 743 1761 de
766 1720 1039 1773 amphibolia
1061 1722 1361 1773 Quintilianus
1383 1723 1453 1762 VI.
1474 1718 1512 1761 3.
1532 1717 1588 1760 47
1611 1730 1703 1771 sqq.

179 1776 190 1840 J*
195 1792 320 1831 Alter
340 1792 464 1830 locus
486 1794 555 1830 est
575 1791 630 1830 id.
653 1792 744 1831 VII.
765 1799 802 1831 v,
826 1787 919 1840 125,
947 1788 993 1830 'in
1013 1803 1101 1842 quo
1121 1791 1407 1831 scribendum
1430 1799 1532 1829 esse
1549 1800 1575 1828 e
1595 1790 1704 1828 Jun-

117 1899 120 1901 .
178 1860 289 1899 ³tina
320 1863 364 1899 et
394 1859 533 1899 altera
554 1859 822 1899 scholiastae
850 1860 1041 1900 lectione
1064 1852 1212 1913 μολών,
1244 1870 1344 1899 cum
1365 1858 1589 1898 Abrensio
1607 1865 1702 1896 cer-

173 1933 290 1969 ¹tum
321 1929 477 1976 habeo,
508 1929 827 1979 intelligendus
858 1932 1011 1968 tamen
1039 1933 1112 1969 est
1141 1922 1310 1978 Μόλων,
1342 1938 1475 1980 quem
1507 1936 1607 1966 cum
1636 1925 1702 1965 Si·

170 1998 176 2041 j
195 2009 327 2037 mone
350 1998 591 2038 scholiasta
612 1998 738 2038 Arati
758 1998 943 2037 rivalem
964 1999 1177 2038 nominat.
1226 1997 1530 2037 Pulcherrima
1549 1996 1701 2034 autem

194 2067 235 2106 h.
257 2066 282 2106 l
303 2066 527 2107 invenitur
557 2067 830 2118 amphibolia
857 2070 902 2107 et
922 2076 1022 2107 cum
1044 2069 1267 2108 structura
1286 2076 1443 2106 versus
1465 2061 1701 2105 artificiose

197 2143 405 2174 connexa.
445 2136 568 2184 Quae
588 2140 819 2185 praeterea
839 2137 928 2175 huc
947 2139 1176 2176 traxerunt
1194 2136 1278 2175 viri
1300 2135 1427 2183 docti,
1449 2133 1570 2174 omni
1590 2132 1702 2172 veri-

194 2204 299 2244 tatis
322 2204 469 2255 specie
492 2205 704 2245 destituta
720 2209 833 2246 sunt.
878 2206 990 2245 Nam
1008 2206 1092 2245 etsi
1109 2206 1164 2253 id,
1187 2206 1225 2245 si
1242 2208 1369 2245 caute
1386 2202 1700 2254 interpreteris,

195 2273 458 2323 reprehendi
475 2284 563 2312 non
580 2276 738 2324 potest,
762 2273 878 2325 quod
895 2274 1073 2314 Hauler.
1091 2286 1129 2325 p.
1148 2269 1204 2314 29
1225 2274 1277 2313 de
1296 2271 1447 2324 idyllio
1463 2268 1562 2311 XIV
1581 2269 1699 2316 dixit,

194 2342 441 2390 Thyonichi
470 2352 662 2392 persona
692 2343 975 2382 Theocritum
1007 2354 1056 2382 se
1087 2344 1234 2394 ipsum
1280 2342 1549 2393 significare,
1595 2349 1700 2389 quo-

194 2410 314 2449 niam
344 2409 471 2459 plura
501 2410 563 2449 ibi
592 2411 814 2461 leguntur,
845 2422 960 2464 quae
993 2412 1140 2462 magis
1171 2414 1333 2462 poetae
1365 2420 1499 2461 quam
1529 2406 1699 2448 homini

194 2478 444 2518 humilioris
475 2479 655 2527 ordinis,
686 2491 710 2519 e
742 2479 890 2520 Sicilia
921 2481 1118 2528 oriund0‚
1152 2470 1332 2530 cognita
1361 2477 1500 2518 fuisse
1520 2476 1699 2516 videan—

192 2545 324 2596 tur-¹⁶¹),
365 2551 516 2587 tamen
546 2557 726 2598 prorsus
756 2537 1057 2600 respuendum
1096 2552 1185 2597 est,
1223 2548 1345 2600 quod
1383 2548 1501 2587 idem
1532 2545 1699 2586 Justlni

191 2617 288 2655 loco
322 2614 446 2664 (XIII.
477 2612 520 2664 4)
553 2615 775 2664 inductus,
816 2629 854 2667 p.
885 2613 939 2657 61
972 2628 1034 2670 sq.
1066 2619 1154 2656 not.
1186 2610 1213 2655 3
1252 2616 1443 2667 putavit,
1485 2614 1566 2655 sub
1608 2612 1698 2652 divi

194 2684 403 2730 Comatae
419 2695 611 2735 persona
631 2684 701 2734 (id.
719 2685 809 2724 VII.
824 2679 881 2725 78
900 2681 1009 2739 sqq.)
1028 2686 1270 2726 Hieronem
1289 2686 1512 2727 celebrari.
1542 2683 1696 2734 Neque

284 2828 316 2871 *)
342 2827 504 2861 Nimium
528 2828 618 2862 mihi
645 2828 702 2862 vir
728 2828 862 2863 doctus
880 2839 915 2873 p.
933 2830 978 2863 30
994 2839 1016 2863 e
1035 2836 1111 2863 vss.
1130 2829 1265 2864 68——70
1284 2829 1516 2864 conclusisse
1534 2827 1696 2863 videtur.
