1911 3215
812 80 871 125 89

96 202 351 246 amoebaeis
381 204 459 245 ecl.
489 203 558 243 III.
588 196 795 243 tio—107.
855 199 949 239 VII.
980 190 1152 239 21-68
1182 196 1229 235 hi
1258 196 1350 236 fere
1382 207 1602 236 memora-

97 270 297 314 biliores:
329 274 359 314 I.
388 267 582 313 71—73.
611 264 793 312 80-82.
853 268 902 309 Π.
934 261 1060 307 8—9.
1089 259 1281 305 63—65.
1341 265 1411 305 III.
1441 260 1509 305 56.
1538 260 1605 306 57.

102 341 150 383 V.
188 337 378 383 16-18,
413 338 606 382 32—34.
643 333 834 379 76-78,
901 337 973 377 VI.
1010 330 1205 378 29—30.
1264 335 1375 377 VHI.
1411 330 1605 376 29—30.

100 406 278 453 39—40.
335 406 529 451 69—71.
588 402 779 449 73—75.
837 406 905 448 IX.
935 400 1131 446 39—43.
1179 404 1227 445 Χ.
1258 399 1439 444 29-30,
1500 403 1605 454 Qui-

101 463 211 520 nam·
234 491 288 520 ex
322 480 393 520 his
423 480 480 520 ad
511 477 763 528 exemplum
797 479 1031 527 poetarum
1064 474 1339 515 Graecorum
1369 474 1606 523 compositi

102 550 209 596 sint,
245 558 328 588 suo
368 547 465 587 loco
514 544 849 595 demonstrab03
881 543 996 585 addo
1034 546 1187 583 tamen
1227 552 1389 590 unum,
1425 544 1606 592 poetam

100 615 319 655 interdum
336 625 550 654 versuum
569 614 912 654 architecturam
932 612 1078 661 magis
1098 622 1232 661 quam
1256 620 1441 649 sensum
1472 610 1607 649 unius

101 682 338 723 alteriusve
369 683 454 723 loci
479 683 701 723 imitatum
722 691 834 721 esse.
876 679 935 720 Cf.
957 679 1034 719 ecl.
1056 678 1126 718 VI.
1146 673 1212 719 29.
1233 673 1290 717 30
1311 689 1412 717 cum
1434 677 1606 717 Mosch.

100 752 168 792 111.
197 747 255 792 89
285 761 388 803 sqq„
420 752 496 791 ecl.
528 751 578 789 V.
611 745 664 789 16
684 760 747 801 sq.
780 760 881 788 cum
912 748 1096 787 Theocr.
1117 748 1208 787 XII.
1227 743 1254 785 3
1278 756 1382 797 sqq„
1415 757 1605 796 quorum

99 819 296 860 locorum
327 818 664 860 similitudinem
693 819 981 869 perspexerat
1005 816 1101 865 jam
1137 815 1332 855 Ursinus.
1380 814 1478 855 Non
1510 814 1606 854 inu-

100 889 224 928 tilem
264 898 364 929 esse
403 888 519 928 hanc
564 886 874 928 concinnitatis
912 885 1273 925 observationem
1305 884 1362 924 ad
1400 883 1605 934 singulos

100 957 287 1008 Vergilii
326 966 482 997 versus
522 955 682 996 melius
724 954 1066 1005 accuratiusque
1106 952 1487 1003 interpretandOS,
1529 951 1606 993 ali-

101 1027 275 1076 quoties
307 1025 554 1064 docuerunt
580 1025 663 1063 viri
694 1023 824 1063 docti.
874 1021 933 1062 Cf.
963 1021 1164 1071 inprimis
1195 1021 1417 1071 Ladewig.
1449 1021 1505 1060 ad
1536 1021 1606 1060 ΙΙΙ.

100 1086 280 1141 88-91,
311 1083 475 1132 Ameis.
498 1090 609 1142 Spic.
639 1103 680 1141 p.
699 1086 726 1129 3
748 1090 803 1131 ad
834 1090 863 1130 I.
883 1085 950 1138 54,
983 1090 1111 1139 cujus
1140 1089 1289 1129 verbis
1320 1100 1439 1129 nunc
1471 1089 1606 1129 etiam

99 1149 456 1211 Ladewigus'in
487 1171 639 1201 veram
681 1160 800 1199 viam
846 1159 1059 1199 reductus
1104 1161 1183 1198 est.
1254 1157 1341 1197 Sed
1379 1158 1483 1198 huic
1519 1159 1606 1209 ipsi

99 1230 196 1269 loco
228 1230 337 1269 mihi
374 1229 419 1269 in
450 1229 537 1268 alia
572 1240 619 1267 re
651 1227 1000 1269 succurrendum
1031 1227 1216 1267 videtur.
1276 1227 1455 1267 Etenim
1487 1238 1604 1266 com-

101 1301 249 1337 motus
289 1309 327 1337 v,
356 1293 413 1337 52
452 1297 553 1345 „hic
593 1297 708 1336 inter
747 1296 931 1336 flumina
974 1292 1117 1343 nota“,
1159 1306 1196 1334 v,
1228 1290 1284 1334 54
1327 1295 1473 1343 „Hinc
1512 1295 1604 1343 tibi,

100 1377 213 1417 quae
236 1376 421 1414 semper,
442 1366 586 1403 vicino
607 1365 662 1403 ab
693 1365 845 1411 limite,
874 1361 1057 1413 saepes“
1086 1365 1148 1403 ita
1169 1364 1445 1413 interpretor,
1477 1367 1528 1402 ut
1547 1365 1605 1403 ad

98 1433 234 1473 verba
272 1445 397 1485 „quae
435 1429 604 1485 semper“
646 1431 917 1483 cogitatione
956 1431 1028 1471 vel
1069 1434 1194 1472 suasit
1229 1432 1301 1471 vel
1343 1432 1605 1483 simpliciter

97 1502 136 1541 id
157 1502 247 1553 fecit
278 1501 530 1540 addend-um
559 1503 712 1550 putem
750 1503 795 1539 et
823 1510 958 1539 versu
990 1501 1196 1551 sequenti
1225 1488 1505 1550 participium
1538 1502 1604 1541 de-

93 1577 211 1623 pasta
243 1579 379 1610 sensu
419 1569 632 1620 temporis
671 1568 920 1619 praesentis
958 1568 1189 1619 accipiam,
1232 1568 1286 1609 de
1319 1580 1405 1622 quo
1437 1579 1522 1609 usu
1554 1568 1604 1610 cf.

98 1639 300 1689 Wagner.
332 1629 510 1688 Quaest.
541 1638 687 1677 XXIX.
716 1634 755 1677 3.
814 1638 919 1677 Loci
961 1637 1097 1687 igitur
1136 1638 1251 1678 hanc
1283 1648 1385 1678 esse
1425 1642 1604 1679 senten-

0 1767 29 1820 {3
97 1771 123 1806 I.
150 1773 202 1807 12.
250 1771 395 1806 Versus
427 1769 572 1804 initium
599 1769 775 1811 articulo,
817 1769 968 1814 opinor,
996 1773 1220 1810 commotus,
1257 1780 1332 1805 non
1356 1772 1461 1807 recte
1486 1770 1603 1806 inter-

0 1817 33 1877 ⁸³0.
96 1831 268 1872 pretatus
294 1831 353 1862 est
376 1828 581 1861 Ameisius:
622 1828 775 1870 „pulcre
800 1828 1052 1862 cincinnatum
1078 1831 1137 1862 est
1161 1828 1213 1861 illi
1240 1831 1395 1871 caput“;
1421 1840 1507 1863 nam
1531 1830 1603 1876 ἔχει

6 1893 31 1938 2-
97 1884 208 1920 etiam
234 1884 282 1919 ad
307 1886 571 1929 antegressum
595 1885 802 1919 membrum
827 1883 1003 1928 pertinet.
1036 1883 1169 1928 Neque
1196 1884 1306 1920 aliter
1329 1884 1602 1931 intelligendus

21 1939 28 1951 ³
98 1946 157 1978 est
180 1954 213 1977 v.
241 1943 259 1976 5
299 1942 488 1986 scriptura
524 1942 694 1986 vulgaris
729 1940 769 1978 τὺ
803 1939 853 1986 δ’,
889 1934 918 1978 ὦ
943 1941 1029 1983 ξένε.
1057 1961 1102 1967 -
1126 1942 1180 1976 Ιᾶ.
1205 1942 1270 1976 ΙΧ.
1296 1954 1329 1977 v.
1360 1944 1400 1978 13
1442 1944 1515 1978 etsi
1552 1946 1601 1978 ad

98 2010 248 2034 sensum
274 1998 367 2034 satis
391 1998 498 2040 facit,
532 1998 634 2043 quod
659 2009 757 2033 nuno
776 2002 802 2033 'e
827 1997 873 2032 D.
898 1998 1072 2043 reposuit
1095 1998 1306 2033 Ahrensius
1331 1995 1469 2045 ἀκούει,
1495 2000 1603 2046 flagi-

100 2061 184 2092 tare
208 2059 333 2092 tamen
369 2060 461 2101 puto
487 2056 746 2101 antistrophae
782 2066 917 2091 versus
942 2056 1094 2091 ultimos
1121 2056 1191 2099 (20.
1222 2058 1295 2100 2¹1),
1330 2060 1373 2092 ut
1408 2059 1601 2102 genitivus

97 2113 215 2159 μύθων
241 2126 262 2148 a
290 2116 406 2149 verbo
432 2115 624 2159 μελεδαίνω
649 2114 823 2159 pendeat.
873 2114 1001 2158 Quare
1027 2114 1267 2158 conjecerim,
1291 2118 1443 2160 poetam
1469 2114 1606 2154 ἀκούων

99 2171 315 2215 scripsisse;
340 2183 427 2206 nam
451 2169 704 2217 ὄμοιοτέλευτον
730 2172 902 2206 consulto
927 2172 1072 2207 illatum
1096 2172 1218 2207 videri
1244 2175 1382 2216 potest.
1407 2192 1453 2198 -—
1477 2173 1532 2207 Id.
1559 2175 1604 2208 X.

96 2239 129 2261 v.
155 2229 198 2262 45
224 2229 332 2272 εἴποι,
365 2229 467 2271 quod
492 2229 700 2262 Ahrensius
726 2230 911 2269 exaravit,
949 2230 1189 2264 verissimum
1215 2233 1291 2269 est,
1330 2230 1400 2264 sed
1424 2232 1606 2266 mutanda

95 2286 350 2330 interpunctio
389 2285 601 2329 antegressi
640 2296 785 2320 versus.
833 2286 908 2321 Fac
946 2287 1044 2321 enim
1076 2287 1170 2321 ferri
1201 2297 1316 2331 posse
1350 2287 1560 2332 optativum
1585 2300 1606 2324 e

97 2343 291 2387 praesenti
315 2345 488 2386 tempore
514 2345 660 2386 aptum,
699 2353 765 2378 eae
798 2345 925 2378 tamen
951 2343 1150 2387 strophae,
1188 2355 1287 2388 quae
1322 2344 1505 2390 leguntur
1529 2357 1606 2381 vss.

98 2402 242 2435 46—49.
269 2401 420 2442 52—55,
460 2400 670 2445 postulant,
713 2403 755 2435 ut
794 2400 833 2435 hi
875 2411 1027 2446 quoque
1067 2411 1203 2436 versus
1244 2402 1284 2436 in
1325 2403 1400 2438 duo
1437 2405 1607 2439 membra

99 2457 372 2498 distrahantur,
411 2458 514 2502 quod
537 2458 594 2497 fit,
628 2457 660 2491 si
685 2458 827 2501 majore
854 2458 1073 2493 discrimine
1105 2470 1151 2494 ea
1174 2461 1304 2500 verba,
1332 2472 1431 2505 quae
1456 2465 1544 2505 post
1568 2473 1603 2495 v.

99 2512 283 2560 δράγματα
307 2518 528 2561 sequuntur,
560 2517 606 2551 ab
639 2515 901 2562 superioribus
935 2526 1158 2562 separamus
1195 2521 1232 2553 et
1258 2520 1375 2553 verba
1400 2518 1449 2565 μὴ
1473 2516 1604 2565 παριών

97 2585 148 2613 τις
173 2573 263 2608 εἴποι
287 2574 454 2617 optantis
485 2585 571 2610 esse
604 2575 814 2609 statuimus.
840 2595 884 2600 —
909 2575 1016 2610 Bion.
1040 2576 1107 2610 111.
1136 2578 1178 2612 14
1211 2576 1402 2611 Ameisius
1428 2587 1604 2611 versuum

99 2629 340 2664 concinnitati
365 2632 565 2667 consulens
592 2634 806 2677 conjecerat
831 2630 869 2669 οὐ
900 2634 948 2670 λῶ
970 2645 1039 2679 pro
1065 2626 1181 2679 οὖλον,
1214 2635 1315 2679 quod
1342 2636 1445 2668 recte
1472 2644 1512 2668 se
1540 2635 1602 2668 ha-

95 2689 187 2722 bere
213 2687 418 2729 crederem,
443 2690 476 2724 si
499 2683 597 2735 ἦμεν,
616 2702 689 2725 non
713 2690 829 2736 φέρειν
856 2695 1092 2736 sequeretur.
1118 2692 1252 2736 Itaque
1277 2692 1387 2725 aliam
1413 2693 1605 2735 conjectu-

94 2756 175 2780 ram
199 2745 370 2790 proferre
396 2747 527 2782 audeo.
576 2749 740 2783 Videtur
764 2748 862 2783 enim
887 2750 977 2784 mihi
1002 2760 1136 2784 versus
1170 2750 1223 2783 sic
1249 2749 1472 2783 scribendus
1499 2758 1602 2783 esse:

95 2799 168 2839 οὐδ’
194 2794 238 2838 αὖ
261 2806 368 2848 χεῖμα
391 2802 502 2848 φέρω·
526 2804 662 2850 νιφετὸν
685 2802 825 2850 κρυμῶς
848 2818 888 2842 τε
911 2808 1099 2852 φοβεῦμαι.
