1911 3215
181 949 361 999 gentior
408 948 720 987 universarum
766 946 1023 996 eclogarum
1061 944 1251 994 Vergilii
1305 942 1605 983 consideratio
1651 947 1695 982 et

184 1040 400 1080 curiosior
427 1040 700 1089 comparatio
722 1038 1001 1089 singularum
1021 1037 1336 1077 imitationum.
1377 1036 1525 1086 Quum
1544 1037 1696 1076 autem

184 1142 340 1172 omnes
370 1130 505 1179 locos,
538 1130 591 1170 de
623 1129 786 1182 quibus
818 1129 924 1169 olim
955 1128 1262 1179 disputaturus
1294 1138 1436 1176 eram,
1466 1126 1576 1166 mihi
1600 1127 1695 1179 jam

185 1222 487 1272 collegissem,
516 1221 562 1260 in
593 1222 739 1260 lucem
769 1220 937 1260 emissa
967 1223 1037 1259 est
1055 1223 1293 1270 praestans
1312 1219 1523 1258 Ahrensii
1544 1221 1696 1268 poeta-

185 1325 283 1354 rum
316 1313 590 1353 Graecorum
620 1312 925 1351 bucolicorum
957 1311 1104 1351 editio.
1165 1312 1312 1360 Quam
1342 1310 1443 1358 etsi,
1474 1313 1695 1361 quatenus

184 1403 281 1444 fieri
309 1405 595 1453 poterat,..›per
625 1402 839 1452 temporis
870 1401 1126 1452 angustias,
1177 1401 1314 1441 etiam
1354 1402 1400 1440 in
1439 1401 1524 1440 hac
1553 1400 1696 1450 prima

187 1494 406 1545 particula
436 1504 614 1554 semper
643 1493 864 1541 consului,
914 1493 1167 1533 tamenvel
1196 1497 1432 1544 propterea
1464 1502 1518 1532 ea
1547 1492 1696 1531 minus

184 1595 319 1635 quam
350 1584 583 1634 cupiebam
614 1585 681 1623 uti
718 1584 853 1631 licuit,
885 1584 1002 1635 quod
1032 1584 1100 1622 vir
1130 1583 1436 1629 doctissimus,
1468 1583 1507 1622 si
1537 1593 1591 1622 ea
1622 1593 1694 1622 ex-

187 1674 382 1726 ceperis,
422 1685 535 1727 quae
579 1674 822 1726 disputavit
858 1674 904 1714 in
936 1674 1169 1724 Philologo
1202 1677 1245 1713 et
1284 1673 1353 1713 ad·
1370 1673 1526 1713 Bionis
1557 1673 1694 1724 epita—

182 1766 339 1818 phium
369 1766 608 1815 Adonidis,
640 1778 787 1819 neque
820 1766 874 1806 de
907 1766 1127 1806 universis
1160 1765 1432 1806 carminibus
1463 1776 1609 1817 neque
1640 1765 1695 1805 de

183 1858 373 1908 singulis
424 1858 535 1897 locis
587 1858 732 1897 adhuc
755 1895 758 1898 Α
781 1859 1050 1907 sententiam
1089 1867 1217 1899 suam
1258 1858 1440 1898 uberius
1481 1859 1696 1909 exposuit.

188 1949 352 1989 Contra
391 1959 445 1988 ea
484 1949 715 1989 literarum
759 1950 979 1997 subsidia,
1030 1960 1143 2000 quae
1174 1953 1277 1988 ante
1307 1949 1423 1988 hanc
1454 1949 1697 1999 editionem

182 2040 448 2091 prodierant,
479 2043 696 2092 quantum
727 2051 913 2081 necesse
946 2050 1047 2080 esse
1078 2040 1304 2090 putabam,
1337 2041 1575 2091 diligenter
1594 2051 1696 2089 con-

181 2131 272 2177 tuli.
314 2131 488 2179 Horum
509 2143 723 2182 magnam
744 2136 916 2182 partem
938 2132 1048 2173 mihi
1074 2132 1343 2172 ministravit
1362 2132 1556 2183 insignis
1585 2132 1694 2172 libe-

183 2221 338 2267 ralitas
368 2221 450 2259 viri
479 2222 1097 2272 gratissimapraedicatione
1126 2223 1376 2271 decorandi,
1407 2224 1696 2263 Hermanni

184 2313 491 2362 Fritzschii,
532 2313 626 2364 qui,
667 2316 715 2352 ut
744 2324 930 2363 puerum
969 2326 1041 2354 me
1078 2318 1205 2364 pater
1235 2316 1696 2363 ejusdilectissimus,

182 2384 491 2458 ‘Dorotheus¹
507 2406 858 2453 Fritzschius‚
879 2404 1110 2446 literarum
1131 2406 1419 2457 antiquarum
1439 2418 1529 2452 non
1551 2407 1695 2447 solum

183 2493 418 2537 elementis
464 2496 545 2538 sed
585 2496 720 2537 etiam
762 2508 912 2536 amore
953 2495 1156 2548 imbuit„
1183 2497 1247 2538 ita
1277 2498 1374 2550 ipse
1400 2498 1556 2548 juveni
1586 2498 1696 2538 mihi

184 2583 432 2626 studiorum
464 2596 667 2627 meorum
698 2563 847 2628 fautor
876 2587 1045 2627 exstitit
1077 2591 1122 2628 et
1151 2588 1199 2629 in
1229 2589 1315 2630 hoc
1346 2589 1560 2641 opusculo
1593 2600 1695 2630 con-

187 2677 420 2717 scribendo
453 2680 575 2718 tanta
606 2692 677 2719 me
707 2680 985 2720 humanitate
1018 2680 1201 2732 adjuvit,
1233 2685 1282 2721 ut
1311 2681 1457 2721 facere
1479 2693 1568 2721 non
1594 2690 1696 2732 pos-

187 2768 289 2816 sim,
326 2769 433 2820 quin
464 2769 505 2808 ei
535 2769 620 2808 hac
648 2772 980 2821 opportunitate
1012 2772 1162 2812 oblata
1190 2772 1367 2822 publice
1400 2774 1568 2823 gratias
1598 2784 1697 2823 per·
