1911 3215
955 106 1014 149 54

223 236 361 278 quum
391 226 453 264 ita
484 224 584 273 sint,
616 234 840 276 quumque
869 223 1069 262 omnium
1083 223 1253 271 judicio
1277 225 1462 272 constet,
1491 224 1734 275 plurimum

222 294 464 346 profecisse
495 293 540 334 in
568 293 654 334 hoc
685 303 849 345 genere
870 292 1121 344 Virgilium,
1151 304 1241 333 non
1262 292 1360 343 sine
1391 293 1564 335 idoneis
1587 293 1734 334 causis

222 364 267 402 in
300 374 353 402 ea
384 363 666 414 quaestione,
718 372 831 412 quae
864 361 918 401 de
949 362 1126 412 legibus
1159 362 1392 402 amoebaei
1429 363 1638 402 carminis
1669 364 1734 403 in'-

222 431 440 480 stituitur,
485 431 619 471 etiam
650 429 826 480 Virgilii
859 429 1130 470 carminibus
1167 439 1276 471 usus
1309 440 1409 471 esse
1441 431 1550 471 mihi
1580 431 1735 472 videor

223 511 277 539 ea
307 500 499 545 ratione,
532 503 596 547 ut,
634 509 744 550 quas
776 499 895 548 apud
926 499 1212 539 Theocritum
1253 500 1566 539 observassem
1595 500 1734 550 leges,

224 573 301 609 aut
332 568 552 619 explerem
584 578 607 606 e
635 566 812 617 Virgilii
844 567 1174 618 comparatione
1206 571 1283 608 aut
1312 568 1367 607 iis
1400 579 1452 608 ex
1482 567 1601 608 illius
1634 578 1735 608 con-

225 637 465 688 spiratione
513 636 843 675 munimentum
892 640 936 675 et
985 636 1124 675 fulcra
1163 635 1403 687 pararem.“
1462 638 1587 687 Quae
1625 638 1734 677 dixit

223 707 290 745 vir
321 705 606 745 doctissimus
639 704 693 744 de
723 705 912 755 Vergilii
945 705 1214 745 carminibus
1247 717 1383 757 quum
1413 706 1624 758 pleraque
1648 705 1734 745 ele·

225 779 384 826 ganter
421 778 465 814 et
510 778 629 814 recte
673 774 898 824 disputata
942 774 1050 822 sint,
1102 775 1312 814 extremis
1357 778 1506 815 tamen
1547 775 1733 814 artiores

219 844 433 883 terminos
465 843 802 882 constituendos
834 853 953 890 esse,
998 843 1107 882 mihi
1144 843 1323 895 quidem
1352 854 1620 894 persuasum
1652 846 1731 883 est.

220 911 394 954 Primum
430 913 549 952 enim
591 912 723 952 etiam
755 912 946 952 Romani
987 912 1184 952 carmina
1221 913 1467 953 amoebaea
1495 912 1733 961 habebant,

220 992 334 1034 quae
382 982 467 1021 etsi
516 992 605 1020 non
658 984 833 1020 constat
874 981 1142 1032 quibusnam
1181 982 1359 1033 legibus
1400 981 1734 1031 circumscripta

219 1051 394 1100 fuerint,
425 1051 663 1091 solutiores
696 1062 772 1091 eas
804 1050 944 1091 fuisse
974 1055 1094 1091 certe
1127 1051 1345 1101 conjicere
1376 1051 1503 1101 licet;
1534 1054 1579 1091 et
1609 1050 1731 1099 haec,

223 1124 269 1159 ut
299 1121 345 1159 in
367 1120 465 1159 aliis
487 1119 600 1167 fecit,
633 1130 747 1170 quae
769 1119 887 1170 apud
908 1120 1143 1170 populares
1167 1120 1410 1167 exstabant,
1431 1123 1565 1170 poeta
1584 1120 1730 1170 magis

219 1189 442 1228 interdum
466 1200 597 1240 quam
614 1181 878 1228 Theocritea
900 1192 1100 1239 spectare
1122 1192 1306 1239 poterat.
1338 1187 1482 1229 Deinde
1502 1188 1547 1228 in
1571 1188 1728 1228 ecl.III.

219 1268 308 1296 non
354 1257 505 1296 omnia
542 1267 565 1295 e
605 1257 778 1307 quinto,
828 1257 873 1295 in
921 1257 997 1296 ecl.
1029 1257 1120 1296 VII.
1151 1268 1242 1296 non
1289 1257 1439 1296 omnia
1480 1267 1534 1295 ex
1572 1260 1729 1296 octavo

217 1325 369 1375 idyllio
399 1325 559 1373 hausit,
592 1336 646 1364 ex
676 1336 763 1376 qua
794 1325 1106 1365 observatione
1139 1325 1358 1376 quaedam
1389 1324 1565 1364 facilem
1593 1325 1729 1375 expli-

218 1394 439 1434 cationem
470 1393 648 1433 habent.
693 1392 787 1433 Tum
818 1404 931 1445 quae
964 1394 1202 1433 artificiose
1225 1393 1280 1433 ab
1312 1396 1493 1433 auctore
1525 1393 1728 1433 instituta

219 1467 363 1511 erant,
406 1474 508 1502 eum
539 1466 588 1501 ut
617 1463 888 1501 imitatorem
919 1474 1239 1513 nonnunquam
1271 1462 1524 1511 neglexisse
1573 1462 1728 1501 verisi-

220 1531 323 1570 mile
371 1534 450 1570 est.
510 1529 680 1583 Denique
736 1530 780 1569 in
828 1541 880 1569 eo
923 1534 1042 1570 certe
1082 1531 1215 1582 idque
1258 1530 1361 1569 data
1390 1540 1536 1580 opera
1582 1530 1725 1569 Theo-

220 1601 316 1639 criti
348 1599 659 1639 auctoritatem
691 1599 900 1648 neglexit,
932 1599 1048 1650 quod
1081 1610 1207 1639 suam
1240 1599 1381 1648 ipsius
1412 1609 1652 1648 personam
1682 1598 1727 1638 in

214 1667 327 1708 haec
358 1666 556 1707 carmina
600 1666 763 1705 inferre
811 1677 901 1706 non
949 1667 1176 1706 dubitavit.
1237 1667 1361 1705 Haec
1392 1666 1562 1714 omnia,
1613 1677 1727 1718 quae

215 1737 375 1786 partim
401 1736 497 1783 jam
527 1736 713 1774 tractavi
744 1736 907 1784 partim
949 1735 994 1773 in
1026 1735 1239 1784 proximis
1269 1737 1585 1784 persecuturus
1617 1746 1728 1783 sum,

216 1804 262 1843 in
294 1802 624 1853 comparatione
656 1802 931 1841 instituenda
963 1801 1235 1841 considerari
1276 1801 1440 1840 debent
1471 1812 1603 1852 quarn
1634 1801 1729 1840 dili-

218 1873 493 1923 gentissime.
555 1871 876 1920 Quamobrem,
919 1871 957 1910 si
990 1876 1106 1910 recte
1137 1881 1273 1921 agere
1305 1871 1529 1921 cupimus,
1583 1871 1725 1921 primo

214 1951 396 1991 prorsus
435 1939 681 1979 omittenda
722 1943 792 1978 est
821 1939 1010 1989 Vergilii
1047 1938 1256 1986 imitatio,
1297 1942 1391 1978 tum
1433 1949 1539 1978 vero
1581 1938 1727 1989 explo-

215 2008 425 2055 randum,
475 2009 520 2048 in
571 2008 840 2060 quibusnam
890 2008 1024 2047 rebus
1083 2007 1157 2046 ille
1207 2012 1286 2047 aut
1335 2007 1585 2047 consentiat
1626 2018 1728 2060 cum

216 2082 396 2116 auctore
438 2081 514 2116 aut
544 2078 598 2116 ab
640 2088 692 2116 eo
733 2077 923 2115 recedat.
984 2076 1047 2115 Ac
1079 2077 1117 2116 si
1148 2088 1303 2116 verum
1341 2075 1471 2115 fateri
1506 2076 1726 2124 volumus,

217 2145 333 2194 apud
366 2145 651 2183 Theocritum
693 2144 810 2183 unde
852 2145 1059 2184 carminis
1099 2145 1331 2184 amoebaei
1369 2145 1496 2194 leges
1536 2145 1726 2184 derivari

216 2217 382 2265 queant
413 2216 517 2253 sunt
548 2213 857 2252 tantummodo
888 2212 942 2252 id.
967 2213 1007 2251 V
1039 2222 1125 2253 VSS.
1146 2207 1365 2263 82-135;
1397 2225 1501 2252 nam
1532 2223 1619 2253 vss.
1643 2208 1726 2253 136

217 2286 261 2320 et
294 2278 375 2320 137
405 2286 525 2333 recte
546 2293 674 2332 ⁴nnnc
704 2282 954 2320 Ahrensius
986 2282 1187 2321 Morsoni
1226 2283 1389 2321 tribuit.
1449 2283 1499 2320 In
1529 2282 1599 2321 his
1629 2292 1726 2320 ver·

168 2354 170 2357 ’
216 2352 340 2391 sibus
372 2356 554 2402 apparet
583 2362 669 2392 non
705 2350 849 2391 solum
880 2342 1073 2392 eundem
1105 2344 1294 2392 canendi
1324 2351 1541 2400 ordinem,
1573 2361 1725 2403 quem-

215 2418 461 2459 admodum
492 2419 545 2459 ab
578 2419 704 2460 initio
735 2419 966 2460 institutus
999 2422 1114 2469 erat,
1150 2429 1292 2472 usque
1325 2419 1381 2458 ad
1411 2419 1547 2457 finem
1578 2429 1725 2459 serva-

214 2493 320 2537 tum,
353 2488 433 2528 sed
466 2490 600 2528 etiam
631 2490 685 2528 ab
718 2493 905 2540 utroque
935 2493 1114 2539 pastore
1154 2490 1251 2539 pari
1289 2500 1500 2527 versuum
1537 2500 1723 2528 numero

214 2560 433 2598 certatum
485 2566 597 2597 esse.
671 2556 817 2609 Atque
868 2557 984 2598 hanc
1033 2557 1223 2609 primam
1271 2556 1419 2608 legem
1465 2557 1723 2599 Zetzschius

214 2628 379 2678 optime
412 2626 626 2677 exposuit.
678 2626 800 2664 Idem
832 2627 945 2666 bene
977 2626 1241 2673 observavit,
1272 2627 1535 2666 certantium
1566 2638 1723 2667 versus

215 2705 393 2747 semper
431 2694 779 2742 sententiarum,
820 2705 953 2745 saepe
991 2695 1127 2735 etiam
1163 2694 1401 2736 verborum
1433 2695 1723 2736 similitudine

216 2763 332 2803 inter
373 2774 421 2804 se
454 2764 716 2811 cohaerere,
757 2763 1051 2820 Qsitionis
1090 2763 1316 2803 vinculum
1355 2764 1496 2804 semel
1535 2764 1725 2818 inveniri

215 2842 302 2874 vss.
334 2828 571 2874 132—135.
631 2833 831 2872 Tertiam
861 2820 1188 2884 legequuam
1219 2825 1382 2882 adjecit
1417 2829 1488 2872 ‘vir
1508 2823 1726 2873 >doctissi-
