1911 3215
928 109 987 153 88

199 229 362 270 clar-ius
392 229 477 268 hoc
506 231 642 278 poeta
672 228 915 267 indicasset
946 239 1079 279 quam
1100 228 1249 267 verbis
1281 228 1504 279 ambiguis
1536 231 1709 281 „accipe

201 298 399 339 carmina
428 296 518 336 tuis
554 297 696 344 jussis
728 293 921 345 coepta“.
979 296 1134 347 Neque
1166 296 1467 335 commendari
1505 297 1710 337 existimo

197 366 350 407 Vossii
390 365 646 416 opinionem
688 364 893 403 versibus
930 360 988 404 62
1030 367 1074 404 et
1103 360 1169 404 63.
1230 365 1293 404 Ex
1334 366 1404 405 his
1446 366 1563 405 enim
1601 367 1712 406 nihil

200 428 419 486 conjicere
459 435 564 474 licet
604 434 690 473 nisi
738 434 821 473 hoc
863 431 1018 482 unum,
1065 435 1313 485 Vergilium
1352 438 1587 486 propterea
1627 437 1711 476 hoc

200 517 379 547 carmen
402 517 428 545 a
448 504 593 543 Musis
615 503 791 542 recitari
818 503 1027 551 voluisse,
1061 504 1177 555 quod
1199 504 1306 543 illud
1330 504 1504 544 doctius
1526 505 1713 545 haberet

202 587 335 629 quam
382 572 595 613 Damonis
647 575 847 619 cantum,
898 584 998 620 non,
1050 577 1098 612 ut
1137 573 1326 613 Vossius
1379 574 1544 621 statuit,
1593 575 1712 626 quod

199 643 386 685 Pollioni
429 641 618 680 blandiri
662 643 707 680 et
751 641 981 680 insinuare
1026 644 1225 691 cuperet,
1278 642 1403 690 cujus
1445 642 1624 681 hortatu
1655 642 1711 681 ad

200 710 556 763 componendum
599 720 776 749 carmen
820 719 1066 760 aggressus
1096 712 1236 751 esset.
1296 710 1361 750 Ac
1397 713 1573 761 poterat
1603 721 1712 751 sane

198 784 330 833 poeta
350 779 730 830 praestantiorem,
740 778 943 827 judicare
965 778 1257 829 posteriorem
1281 779 1559 819 cantilenam.
1598 779 1710 819 Nam

199 851 236 889 si
277 859 391 901 quae
432 847 476 886 in
517 847 673 897 ecloga
704 847 1053 897 reprehensione
1095 847 1231 898 digna
1261 848 1486 895 videntur,
1528 860 1581 887 ea
1621 861 1711 888 non

197 917 485 958 inveniuntur
527 915 614 954 nisi
661 915 705 954 in
754 915 900 965 priore
947 913 1173 962 cantico*).
1235 916 1295 954 At
1325 917 1500 956 delatus
1546 920 1616 956 est
1644 917 1712 956 vir

197 986 484 1026 doctissimus
524 984 570 1022 in
611 983 769 1022 miram
811 984 925 1029 hanc
973 984 1227 1034 opinionem
1269 985 1556 1034 inscriptione
1596 986 1709 1024 eclo-

198 1067 282 1108 gae
313 1049 734 1103 „Pharmaceutria“.
775 1052 956 1091 Falsum
986 1063 1092 1091 vero
1124 1052 1243 1092 hunc
1273 1052 1452 1092 titulum
1484 1064 1596 1102 esse,
1619 1064 1709 1094 non

198 1126 344 1165 solum
374 1124 459 1162 hoc
492 1121 708 1168 ostendit,
751 1121 867 1172 quod
900 1121 1033 1171 longe
1066 1121 1179 1161 alius
1210 1121 1366 1161 titulus
1401 1120 1632 1169 (Damonis
1664 1125 1709 1161 et

196 1191 487 1245 Alphesiboei
506 1187 715 1236 Certatio)
738 1190 783 1228 in
807 1190 957 1229 codice
976 1190 1178 1230 Medieeo
1198 1190 1373 1241 legitur,
1395 1202 1550 1230 verum
1574 1191 1707 1231 etiam

196 1263 316 1310 illud,
348 1260 466 1314 quod
488 1260 759 1310 reliquarum
784 1270 961 1310 quoque
984 1259 1240 1310 eclogarum
1263 1259 1336 1299 alii
1368 1260 1467 1298 libri
1489 1261 1623 1300 aliam
1644 1261 1708 1300 in-

195 1332 482 1383 scriptionem
503 1328 681 1375 habent,
699 1327 762 1367 ita
783 1330 841 1375 ut,
862 1328 1043 1379 quinam
1068 1328 1252 1379 genuini
1273 1329 1390 1368 tituli
1412 1329 1512 1377 sint,
1526 1340 1709 1380 prorsus

194 1400 356 1441 nesciri
376 1396 608 1437 fatendum
628 1396 696 1435 sit.
734 1395 928 1443 Accedit,
952 1397 1069 1447 quod
1088 1396 1126 1436 is
1148 1397 1303 1435 titulus
1325 1408 1378 1436 eo
1399 1397 1578 1437 demum
1600 1401 1710 1437 tem-

193 1481 300 1521 pore
317 1468 501 1516 eclogae
519 1464 759 1514 inscriptus
775 1475 876 1504 esse
893 1465 1078 1512 videtur,
1092 1476 1178 1517 quo
1197 1466 1314 1516 apud
1326 1466 1611 1506 Theocritum
1629 1479 1707 1517 pro

193 1550 300 1578 vera
320 1535 610 1586 inscriptione
631 1526 973 1587 Φαρμακεὺτριαι
996 1531 1063 1582 (cf.
1081 1533 1271 1574 Meinek.
1293 1546 1331 1585 p.
1352 1530 1435 1575 162
1457 1539 1501 1574 et
1520 1535 1707 1578 Ahrens.

192 1609 236 1647 in
271 1604 353 1653 ed.)
395 1604 537 1643 altera
567 1594 894 1655 Φαρμακεύτρια
933 1603 977 1641 in
1011 1603 1186 1642 codices
1227 1604 1476 1654 irrepserat.
1538 1604 1585 1644 Id
1611 1605 1706 1653 jam

191 1675 381 1727 Vergilii
412 1675 559 1713 aetate
598 1670 764 1711 sactum
797 1681 920 1719 esse,
961 1683 1048 1711 non
1088 1672 1330 1712 verisimile
1371 1675 1499 1723 puto;
1541 1673 1707 1714 factum

192 1748 288 1785 erat
318 1747 519 1793 tempore
551 1741 713 1787 Servii,
754 1740 798 1778 in
832 1741 959 1789 cujus
991 1740 1279 1781 adnotatione
1311 1742 1365 1781 ad
1398 1742 1581 1793 eclogae
1613 1755 1707 1783 ver-

193 1827 292 1857 sum
335 1809 357 1852 1
397 1811 563 1861 legitur
602 1801 937 1862 Φαρμακεὺτρια.
999 1811 1146 1859 Quare
1189 1811 1406 1860 suspicari
1436 1813 1595 1861 possm,
1635 1814 1707 1852 vel

192 1885 247 1923 ab
280 1884 377 1933 ipso
400 1879 553 1919 Servio
574 1879 645 1917 vel
667 1879 722 1917 ab
755 1878 821 1925 iis,
855 1878 1014 1929 quibus
1040 1888 1148 1918 usus
1172 1882 1241 1918 est
1270 1880 1537 1927 auctoribus,
1570 1880 1705 1920 etiam

191 1951 381 2003 Vergilii
403 1949 587 1999 eclogae
609 1947 786 1986 titulum
809 1945 1220 1995 „Pharmaceutria“
1241 1948 1501 1999 inscriptum
1525 1959 1625 1989 esse
1639 1947 1705 1997 **).

191 2024 429 2062 Praeterea
465 2027 723 2068 perversam
756 2028 856 2056 esse
897 2020 1003 2067 puto
1037 2018 1312 2069 Vergiliique
1353 2018 1535 2066 ingenio
1575 2019 1707 2069 plane

284 2165 313 2207 *)
339 2162 524 2207 Reputari
547 2165 673 2197 tamen
694 2163 816 2200 velim,
843 2161 1051 2204 Vergilium
1071 2164 1225 2205 praeter
1248 2162 1296 2196 id.
1315 2162 1360 2196 X.
1375 2164 1419 2197 24
1438 2173 1493 2207 sq.
1514 2165 1602 2196 ante
1622 2173 1709 2197 ocu-

191 2225 249 2258 los
275 2220 458 2257 habuisse
484 2220 597 2254 etiam
623 2219 672 2253 id.
701 2218 821 2257 XXII,
842 2219 906 2252 115
927 2229 1022 2263 sqq.‚
1047 2219 1112 2253 ubi
1136 2222 1250 2263 poeta
1275 2220 1311 2253 in
1336 2219 1461 2254 media
1486 2220 1704 2255 narratione

189 2282 339 2317 Musam
364 2281 465 2318 orat,
505 2282 546 2311 ut
573 2277 656 2317 sibi,
689 2276 877 2321 quomodo
904 2276 1039 2311 vicerit
1062 2276 1191 2311 Pollux
1218 2278 1411 2322 Amycum,
1450 2277 1578 2312 dicere
1604 2277 1704 2312 velit.

189 2339 269 2374 Nec
311 2341 438 2371 tamen
475 2335 705 2369 contendere
743 2334 849 2373 lieet,
893 2334 1136 2369 Theocritum
1181 2335 1434 2378 posteriorem
1477 2334 1706 2369 narrationis

189 2398 338 2442 partem
365 2392 575 2429 doctiorem
599 2390 778 2426 habuisse
805 2403 917 2435 quam
942 2391 1118 2436 priorem.
1160 2392 1330 2433 Accedit,
1357 2393 1469 2437 quod,
1495 2392 1527 2427 si
1553 2392 1705 2427 nimium

187 2454 226 2488 in
253 2452 405 2487 modum
442 2449 647 2495 premimus
679 2459 856 2483 versuum
894 2449 1139 2490 sententiam,
1184 2461 1316 2494 parum
1353 2449 1598 2494 intelligitur,
1641 2450 1705 2494 qui

188 2511 270 2546 fieri
294 2507 476 2555 potuerit,
502 2510 544 2540 ut
568 2509 681 2551 poeta
708 2517 782 2540 vss.
807 2507 891 2540 1—5
913 2507 1070 2541 eandem
1096 2508 1355 2552 praestantiae
1380 2507 1527 2542 laudem
1556 2507 1706 2551 utrique

188 2567 346 2603 carmini
370 2566 570 2601 tribueret.

272 2625 318 2667 **)
345 2621 647 2657 pharmaceutria
680 2631 702 2653 a
728 2620 861 2654 Servio
888 2621 1093 2654 secundum
1119 2621 1312 2655 Theocriti
1347 2621 1520 2666 idyllium
1546 2624 1704 2656 vocatur

187 2682 300 2718 etiam
337 2680 374 2714 in
413 2679 555 2714 scholio
594 2688 710 2721 supra
747 2678 796 2720 (p.
824 2677 882 2719 57)
920 2677 1073 2711 laudato
1111 2678 1159 2712 ad
1191 2678 1257 2713 ecl.
1283 2678 1386 2712 VIII.
1424 2680 1514 2721 (non
1539 2678 1608 2721 III)
1648 2680 1703 2713 21.

187 2737 485 2776 Grammaticus,
513 2735 577 2780 qui
602 2734 743 2779 prioris
770 2733 980 2768 cantilenae
1005 2743 1157 2768 versum
1187 2734 1452 2770 intercalarem
1473 2746 1517 2770 ex
1536 2736 1702 2771 secundo

186 2796 317 2840 idyllio
348 2782 570 2838 expressum
603 2803 688 2827 esse
720 2794 890 2836 putaret,
931 2791 1022 2835 quid
1054 2791 1206 2832 mirum,
1249 2793 1280 2827 si
1314 2804 1358 2828 eo
1385 2793 1498 2828 etiam
1525 2793 1705 2838 delapsus

186 2855 263 2892 est,
296 2854 337 2885 ut
361 2854 481 2885 totam
508 2850 681 2895 eclogam
706 2848 1053 2883 Pharmaceutriam
1085 2849 1294 2882 vocandam
1332 2860 1417 2885 esse
1443 2849 1705 2885 existimaret?
