1911 3215
945 116 1001 159 16

221 246 306 287 que
347 237 391 274 et
429 233 621 285 primum
662 237 707 274 et
745 234 932 273 alterum
970 231 1194 294 Theocriti
1235 232 1438 285 idyllium
1477 232 1725 276 imitatione

221 304 438 354 expressit
466 303 667 354 ideoque,
699 306 746 341 ut
776 303 892 340 inter
923 312 971 341 se
1003 302 1289 341 concinerent
1320 303 1434 342 duae
1466 304 1725 354 cantilenae,

221 371 379 419 multa,
451 382 563 423 quae
624 370 668 410 in
727 372 913 421 utroque
981 370 1213 421 leguntur,
1278 381 1461 421 prorsus
1521 372 1724 414 omittere

220 443 400 480 coactus
434 444 512 480 est.

571 734 840 807 caput
888 734 1367 793 secundum.

439 905 491 945 lle
522 904 716 945 Theocriti
746 908 785 944 et
813 903 973 955 Vergilii
1010 903 1232 956 pastoribus
1263 905 1497 957 personatis.

330 1022 555 1062 Accedere
587 1032 658 1060 me
680 1021 736 1060 ad
767 1032 861 1060 rem
882 1020 1011 1059 valde
1042 1020 1257 1060 lubricam
1279 1033 1341 1069 ac,
1364 1033 1451 1073 quo
1482 1022 1722 1072 largiorem

213 1092 397 1143 praebet
449 1090 714 1139 conjecturis
771 1089 1024 1137 materiam,
1078 1100 1130 1128 eo
1179 1090 1325 1140 magis
1386 1091 1519 1130 etiam
1570 1091 1721 1130 multis

213 1160 480 1211 magnisque
521 1158 870 1198 dubitationibus
913 1158 1170 1206 obnoxiam,
1216 1162 1265 1198 ut
1304 1160 1441 1209 probe
1491 1160 1719 1210 cognitum

212 1230 588 1280 perspectumque*
613 1226 778 1273 habeo,
816 1225 898 1273 ita,
941 1237 1076 1276 quum
1108 1226 1164 1265 ad
1197 1227 1456 1276 explicanda
1488 1228 1719 1280 utriusque

212 1302 370 1349 poetae
412 1300 456 1336 et
502 1296 711 1335 universa
754 1295 950 1334 carmina
991 1299 1035 1334 et
1087 1296 1265 1347 singula
1304 1296 1441 1336 verba
1480 1298 1720 1337 utilissima

213 1368 294 1414 sit,
337 1366 683 1416 haudquaquam
720 1375 819 1403 eam
858 1365 1033 1403 silentio
1069 1365 1441 1414 praetereundam
1481 1377 1582 1405 esse
1621 1378 1720 1406 cen-

214 1446 303 1474 seo.
360 1436 608 1484 Tamquam
636 1444 744 1471 vera
776 1435 820 1470 et
851 1442 1064 1471 concessa
1094 1443 1222 1481 pono,
1255 1432 1308 1472 de
1340 1433 1500 1484 quibus
1531 1434 1722 1474 Finken-

215 1503 402 1542 steinius
424 1502 630 1541 Arethus.
652 1513 691 1551 p.
711 1497 766 1539 45
799 1502 932 1539 etiam
956 1500 1165 1548 Ameisio,
1198 1502 1322 1552 gravi
1354 1506 1398 1541 et
1427 1503 1586 1542 acerbo
1619 1503 1723 1542 alle-

216 1572 440 1621 goriarum
483 1569 746 1619 exagitatori
789 1567 854 1616 (cf.
887 1568 999 1608 Ann.
1031 1568 1134 1619 phil.
1177 1572 1220 1608 et
1260 1569 1385 1620 paed.
1419 1564 1540 1610 1845.
1580 1566 1646 1610 45.
1681 1566 1721 1611 ,3.

213 1652 252 1691 p.
286 1634 395 1687 198),
427 1638 666 1688 persuasit,
697 1638 932 1687 Aegonem
966 1641 1009 1676 et
1041 1648 1194 1676 senem
1225 1637 1366 1687 idyllii
1398 1639 1562 1689 quarti,
1592 1640 1722 1678 Born-

210 1709 369 1759 bycam
421 1707 596 1754 decimi,
648 1706 882 1756 Cyniscam
934 1706 1094 1745 decimi
1139 1707 1283 1757 quarti
1337 1717 1468 1747 veros
1514 1707 1720 1747 homines

211 1777 362 1816 fuisse.
402 1776 514 1814 Nam
538 1785 650 1825 quae
674 1775 727 1813 de
759 1775 812 1813 iis
838 1774 1052 1822 dicuntur,
1083 1777 1175 1813 tam
1196 1775 1398 1824 propriae
1422 1778 1466 1814 et
1487 1775 1722 1824 peculiaris

212 1850 398 1886 naturae
430 1848 542 1892 sunt,
575 1847 623 1883 ut
652 1855 730 1894 pro
762 1844 876 1883 fictis
908 1843 1062 1883 haberi
1092 1843 1165 1883 vix
1196 1848 1371 1895 queant.
1431 1844 1533 1884 Jam
1559 1844 1721 1895 junga-

212 1925 313 1955 mus
346 1926 443 1953 cum
478 1925 549 1962 eo,
592 1913 709 1964 quod
742 1913 850 1952 dixit
879 1913 1242 1952 Finkensteinius
1275 1913 1328 1952 de
1370 1913 1522 1963 idyllio
1554 1917 1722 1965 quarto,

214 1984 289 2023 illa
322 1993 436 2035 quae
484 1982 753 2022 scholiastae
800 1982 1012 2021 exhibent
1053 1993 1144 2032 arg.
1187 1982 1242 2021 id.
1283 1982 1342 2020 III
1390 1974 1437 2021 τὸ
1478 1977 1523 2021 δὲ
1553 1979 1720 2036 ποιητοῦ

215 2046 429 2105 πρόσωπον
460 2044 538 2090 οὐκ
567 2043 617 2089 ἅν
649 2045 726 2103 εἴη,
758 2042 813 2097 ὡς
845 2042 863 2089 ὃ
893 2043 1111 2096 Μοῦνατός
1141 2060 1282 2102 φησιν,
1314 2045 1362 2089 ἐκ
1392 2047 1463 2088 τοῦ
1493 2046 1623 2102 λέγειν
1652 2043 1721 2090 τὸν

219 2113 562 2172 ἐπικωμιάζοντα,
584 2108 610 2173 ἦ
635 2112 686 2171 ῥά
715 2115 763 2171 γέ
790 2129 854 2157 τοι
883 2111 1001 2172 σιμὸς
1030 2114 1359 2171 καταφαίνομαι,
1382 2122 1426 2158 et
1446 2119 1577 2169 paulo
1608 2119 1722 2159 infra

215 2183 323 2235 τινὲς
354 2183 398 2227 δὲ
429 2179 497 2226 διὰ
535 2184 606 2225 τοῦ
638 2184 756 2239 σιμοῦ
796 2179 868 2225 τὸν
899 2180 1116 2241 Θεόκριτον
1156 2182 1309 2225 οἴονται
1337 2179 1565 2239 κωμάζειν,
1601 2186 1719 2241 Σιμι·

214 2252 334 2309 χίδην
394 2252 616 2302 καλοῦντες
628 2250 673 2303 *),
706 2255 864 2294 deinde
896 2256 951 2294 ad
982 2268 1019 2295 v,
1041 2251 1077 2304 8,
1111 2267 1223 2307 quae
1255 2256 1350 2295 sola
1380 2256 1575 2306 Haulero
1605 2268 1643 2306 p.
1668 2252 1721 2294 15

216 2324 396 2375 cognita
427 2322 620 2372 suerunt,
657 2318 763 2371 τινὲς
793 2321 838 2365 δὲ
868 2316 936 2364 διὰ
965 2322 1036 2364 τοῦ
1069 2322 1188 2378 σιμοῦ
1219 2317 1290 2365 τὸν
1321 2317 1544 2377 Θεόκριτόν
1582 2334 1719 2377 φασιν,

215 2387 304 2434 ἐπεὶ
349 2387 423 2432 καὶ
469 2389 509 2431 ἐν
557 2394 641 2440 τοῖς
672 2389 890 2441 Θαλυσίοις
926 2389 1150 2446 Σιμιχίδας
1194 2386 1449 2446 ὠνόμασται·
1496 2385 1602 2448 πλὴν
1645 2386 1721 2433 οὐκ

215 2456 388 2509 αἰπόλος
419 2453 439 2500 ὅ
477 2454 695 2514 Θεόκριτος
733 2455 826 2502 οὐδὲ
856 2458 1079 2515 Σιμιχίδας
1109 2455 1192 2502 ἀπὸ
1222 2459 1293 2500 τοῦ
1326 2458 1468 2514 σιμοῦ,
1507 2454 1597 2501 ἀλλ’
1635 2455 1718 2502 ἀπὸ

212 2526 403 2585 Σιμίχου,
435 2523 759 2582 πατρωνυμικόν,
792 2530 981 2582 denique
1014 2530 1070 2570 ad
1101 2530 1156 2569 id.
1179 2528 1251 2569 IV.
1272 2526 1329 2568 39
1359 2526 1547 2571 arabim
1576 2527 1719 2584 σαφῶς

216 2594 388 2648 αἰπόλος
416 2587 466 2653 ἦν
494 2590 671 2646 Βάττος,
698 2589 745 2636 ’ὸν
777 2591 886 2645 εἰκὸς
915 2589 966 2652 ἦν
998 2595 1093 2651 ἐρᾶν
1121 2595 1200 2652 τῆς
1222 2590 1537 2650 Ἀμαρυλλίδος,
1572 2594 1646 2639 καὶ
1676 2593 1719 2637 οὗ

215 2664 447 2723 Θεόκριτον.
509 2667 680 2719 Quodsi
711 2678 814 2706 vero
846 2668 1193 2716 meminerimus,
1225 2667 1360 2707 etiam
1391 2667 1445 2709 id.
1469 2668 1557 2708 VII.
1579 2663 1635 2707 96
1658 2677 1721 2719 sq.

307 2794 340 2835 *)
366 2791 551 2826 Consulto
578 2790 688 2825 omisi
713 2790 831 2823 verba
854 2786 877 2833 ἦ
900 2789 1037 2834 ἱστορία
1060 2787 1155 2833 παρὰ
1183 2785 1415 2836 Ἀπολλωνίῳ,
1442 2790 1488 2824 de
1514 2788 1651 2833 quibus
1677 2788 1721 2823 cf.

215 2849 406 2887 Duebner.
432 2849 471 2884 in
495 2852 571 2885 not.
597 2849 645 2884 ad
669 2849 705 2884 h.
730 2848 751 2883 l.
778 2850 816 2884 et
842 2847 890 2882 ad
915 2857 994 2893 arg.
1020 2847 1059 2881 id
1095 2846 1197 2882 XIII.
