1911 3215
924 120 954 164 3

183 244 268 284 hac
297 244 343 283 in
373 254 421 283 re
453 246 633 283 secutus
663 228 838 281 videtur
868 243 1022 281 auctor
1052 239 1215 278 Moreti
1244 250 1282 278 V.
1304 235 1360 278 22
1390 239 1485 278 coll.
1507 240 1689 279 Theocr.

183 311 240 352 id.
255 310 347 352 VII.
366 307 420 352 15
437 322 500 363 sq.
521 309 676 358 Causa,
708 309 998 362 quamobrem
1028 310 1162 359 poeta
1181 295 1410 346 Romanus
1431 307 1486 347 ab
1509 310 1690 347 auctore

184 381 451 428 discesserit,
481 380 527 419 in
558 390 611 419 eo
643 379 847 426 cernitur,
876 378 994 430 quod
1021 381 1066 417 et
1086 376 1268 417 omnino
1289 376 1507 426 politioris
1529 376 1690 415 aetatis

185 449 447 502 Augusteae
479 451 524 488 et
553 447 756 498 inprimis
779 458 943 494 eorum,
976 447 1136 498 quibus
1158 444 1345 495 scripsit,
1376 445 1594 484 rationem
1614 445 1692 484 ha-

185 520 330 559 bebat.
388 518 454 556 De
487 519 745 566 contemptu
773 515 957 565 pellium
981 515 1238 553 vestimenti
1258 514 1356 552 1000
1378 516 1691 563 usurpatarum

185 588 235 628 cf.
265 588 390 627 Lucr.
421 586 472 626 V.
505 580 617 624 1418
648 595 739 636 sqq.
770 584 835 623 ed.
858 583 1038 623 Lachm.
1098 584 1383 632 Quantopere
1413 585 1564 620 autem
1585 581 1693 620 Ver-

185 656 318 706 gilius
366 656 532 693 teretes
584 655 628 691 et
678 651 893 702 superbas
938 651 1240 689 Romanorum
1290 659 1422 689 aures
1472 649 1693 700 respicere

185 726 365 764 coactus
394 721 536 769 fue-rit,
568 725 613 761 et
643 721 697 761 de
728 722 813 760 hoc
842 721 941 760 1000
973 723 1017 759 01
1048 719 1102 759 de
1134 719 1286 758 multis
1313 719 1422 766 aliis,
1455 719 1509 758 de
1532 718 1694 770 quibus

184 791 298 832 infra
318 789 689 837 commemorabo,
710 788 972 839 Quintiliani
989 788 1126 827 verba
1146 787 1400 836 ostendunt,
1422 798 1535 839 quae
1555 786 1695 826 semel

184 862 255 900 hic
287 860 505 899 excitasse
537 859 646 899 satis
678 859 839 905 habeo,
871 858 974 897 Inst.
1006 869 1066 896 or.
1097 858 1144 896 Χ.
1179 854 1213 896 1.
1245 852 1321 895 55;
1382 855 1695 903 „Admirabilis

184 930 230 969 111
261 940 342 969 suo
374 940 539 979 genere
571 927 854 975 Theocritus3
898 926 978 965 sed
1008 937 1138 965 musa
1168 926 1242 965 illa
1273 926 1441 965 rustica
1472 929 1516 964 et
1547 928 1695 975 pasto—

186 998 291 1038 ralis
321 1008 412 1036 non
442 996 586 1035 forum
618 995 767 1042 modo,
797 1006 965 1033 verum
1000 995 1144 1043 ipsam
1187 994 1321 1033 etiam
1362 994 1520 1032 urbem
1560 992 1695 1032 refor-

186 1061 360 1105 midat.“

281 1132 451 1172 'Victum
479 1135 710 1182 pastorum
742 1132 780 1170 si
817 1133 1090 1181 spectamus,
1131 1132 1232 1179 jure
1273 1141 1374 1170 meo
1415 1131 1529 1170 tales
1575 1131 1697 1169 locos

186 1201 362 1248 omitto,
409 1201 454 1240 111
494 1200 656 1252 quibus
704 1202 888 1252 uterque
937 1211 991 1239 ea
1032 1198 1217 1250 profert,
1265 1209 1379 1251 quae
1423 1210 1500 1239 rus
1551 1199 1697 1250 ipsum

188 1270 496 1321 suppeditavit.
574 1269 890 1309 Memorabiles
950 1269 1261 1308 tantummodo
1322 1272 1428 1308 sunt
1475 1260 1698 1308 Theocriti
1777 1310 1784 1318 ,

185 1339 239 1379 id.
271 1339 329 1379 IX
360 1348 516 1378 versus
548 1333 602 1377 19
632 1349 695 1390 sq.
727 1340 772 1378 et
801 1337 857 1378 id.
878 1337 959 1377 VII
989 1347 1148 1377 versus
1180 1332 1247 1385 65,
1280 1337 1355 1390 qui
1384 1337 1471 1378 1001
1501 1337 1618 1378 inter
1648 1347 1697 1377 se

186 1408 512 1459 quodammodo
544 1407 736 1457 oppositi
766 1409 890 1454 sunt,
935 1407 1040 1457 quia
1078 1407 1126 1445 111
1164 1407 1309 1456 priore
1348 1406 1607 1453 humillimi,
1651 1406 1696 1446 in

183 1476 432 1527 posteriore
479 1474 830 1527 splendidissimi
873 1474 1018 1514 victus
1063 1474 1232 1515 mentio
1277 1475 1336 1514 fit.
1407 1475 1532 1525 Quae
1578 1475 1697 1516 enim

185 1545 274 1585 iilic
303 1543 543 1587 laudantur
570 1536 715 1596 χόρια,
761 1543 815 1583 de
856 1543 912 1583 iis
951 1554 1054 1583 mea
1095 1543 1273 1595 quidem
1316 1544 1541 1584 sententia
1579 1546 1699 1586 recte

187 1614 295 1652 dixit
336 1613 558 1652 Greverus
603 1613 649 1650 in
694 1612 863 1651 libello:
916 1611 999 1651 Zur
1043 1610 1300 1664 inrdiquny,
1344 1610 1575 1664 Erkldrunq
1619 1614 1700 1653 und

186 1680 315 1723 Kritt'k
345 1682 413 1722 der
444 1678 593 1733 ldyllen
628 1678 658 1719 T
656 1677 834 1722 loeokn‘t's
863 1693 904 1732 p.
934 1675 1000 1729 79,
1033 1680 1103 1721 cui
1134 1680 1273 1721 addas
1306 1680 1558 1723 Ameisium
1586 1680 1697 1721 Adn.'

185 1752 231 1790 in
262 1751 444 1790 Theocr.
475 1762 513 1799 p.
545 1745 618 1796 61,
651 1749 729 1789 sed
761 1750 1028 1789 vocabulum
1058 1744 1203 1801 φαγοί,
1245 1750 1362 1801 quod
1392 1749 1559 1790 ibidem
1588 1750 1697 1801 legi-

184 1823 272 1868 tur,
322 1830 410 1859 non
457 1819 512 1859 de
557 1818 692 1870 lignis
734 1818 944 1871 fagineis,
991 1819 1075 1859 sed
1124 1822 1304 1859 auctore
1352 1820 1594 1861 scholiasta
1642 1820 1698 1860 de

186 1888 434 1938 glandibus,
467 1900 554 1938 qua
585 1887 788 1936 subjecta
818 1887 1145 1938 significatione
1183 1889 1348 1939 legitur
1376 1888 1484 1928 Plat.
1513 1888 1698 1939 reipubl.

185 1956 233 1996 11.
263 1951 359 1995 372.
389 1955 431 1995 O.
451 1955 547 1995 Dio.
576 1955 672 1995 Chr.
703 1956 732 1995 Ι.
753 1949 848 1995 218.
873 1951 935 1996 13.
956 1956 1015 2000 R„
1045 1956 1354 2007 accipiendum
1386 1967 1487 1997 esse
1519 1961 1699 1998 senten-

183 2025 345 2066 tiarum
393 2025 534 2066 series
581 2024 785 2066 evincere
834 2025 1019 2067 videtur.
1092 2026 1205 2067 Nam
1253 2030 1423 2080 primum
1472 2018 1698 2078 lignor'um

185 2095 352 2134 mentio
377 2096 473 2143 jam
504 2095 622 2134 inest
652 2095 696 2133 in
727 2094 876 2134 verbis
908 2090 949 2133 ἐν
969 2089 1064 2147 πυρὶ
1083 2090 1128 2135 δέ
1148 2091 1305 2150 δρυΐνῳ,
1336 2097 1467 2137 deinde
1486 2108 1697 2137 versuum

185 2163 472 2211 concinnitas,
503 2163 557 2202 de
589 2175 677 2214 qua
707 2162 821 2203 infra
853 2163 1007 2210 dicam,
1038 2163 1213 2213 flagitat
1243 2167 1292 2203 ut
1322 2165 1453 2204 sicuti
1486 2166 1531 2204 in
1551 2166 1698 2216 priore

184 2231 246 2270 ita
277 2231 411 2270 etiam
442 2231 487 2271 in
517 2231 764 2282 posteriore
807 2231 1009 2272 membro
1050 2232 1246 2272 edulium
1289 2232 1511 2284 quoddam
1553 2246 1697 2285 genus

183 2299 452 2351 proferatur3
484 2301 643 2351 demque
674 2312 700 2338 a
721 2300 946 2339 Theocriti
978 2300 1177 2340 oratione
1211 2301 1479 2351 simpliciore
1501 2302 1697 2344 alienum

182 2373 308 2420 puto,
355 2380 377 2407 e
409 2368 543 2409 verbo
587 2364 667 2416 ζέει
694 2368 751 2407 ad
791 2368 1047 2416 subjectum
1088 2365 1215 2421 φαγοί
1254 2371 1522 2411 vocabulum
1571 2384 1697 2420 ,,0011-

185 2434 460 2478 cremantur“
492 2437 761 2489 cogitatione
791 2440 1003 2489 repetere.
1052 2438 1291 2479 Praeterea
1311 2440 1444 2481 valde
1466 2453 1537 2482 me
1560 2443 1697 2483 offen-

184 2508 248 2547 dit
295 2508 575 2558 participium
622 2502 914 2559 χειμαίνοντος.
993 2507 1107 2546 Nam
1157 2508 1243 2548 etsi
1293 2509 1475 2549 minime
1527 2512 1697 2561 ignoro,

184 2576 431 2625 genitivum
478 2576 732 2616 absolutum
775 2576 995 2626 participii
1042 2586 1178 2628 saepe
1224 2590 1251 2616 a
1296 2578 1478 2618 Graecis
1529 2580 1695 2620 omisso

185 2643 386 2692 subjecto
418 2647 681 2694 usurpatum
713 2654 831 2692 esse,
870 2645 999 2693 cujus
1029 2655 1139 2685 usus
1172 2647 1375 2697 exempla
1404 2648 1530 2698 larga
1559 2660 1696 2688 manu

186 2712 261 2752 dat
297 2712 454 2752 Matth.
486 2711 522 2761 §—
554 2709 650 2754 563.
679 2726 718 2764 p.
751 2708 864 2753 1308
902 2723 964 2765 sq.
997 2714 1063 2754 ed.
1094 2715 1170 2763 III,
1216 2719 1367 2755 tamen
1411 2717 1482 2755 hic
1521 2717 1697 2767 partici—

186 2782 320 2833 pium,
351 2792 486 2834 quum
519 2783 648 2823 aliter
678 2783 885 2834 explicari
910 2796 999 2824 non
1023 2789 1156 2836 queat
1177 2785 1262 2825 nisi
1285 2785 1348 2825 sic
1368 2797 1530 2837 „quum
1552 2786 1697 2828 hiems

1376 2849 1419 2883 1*
