1911 3215
784 88 838 132 41

62 209 248 261 Vergilii
278 219 365 250 vss.
395 204 461 248 36.
491 203 558 249 37.
587 203 645 247 44
685 206 882 247 contulit.
941 205 1054 246 Nam
1094 206 1144 244 ut
1176 213 1328 245 versus
1369 204 1565 256 reliquos

64 289 318 329 comparare
361 277 604 326 omitteret,
644 287 733 317 non
773 274 919 326 potuit
958 287 1062 315 eum
1104 284 1406 322 commovere,
1448 273 1567 325 quod

64 347 285 385 sententia
326 357 538 385 versuum
566 342 622 384 43
668 348 712 384 et
739 341 798 383 47
843 356 896 383 ex
939 344 994 383 id.
1025 344 1054 383 Ι.
1085 337 1142 381 59
1186 342 1446 392 deprompta
1485 344 1566 381 est.

63 413 257 466 Apparet
303 410 453 465 potius
504 424 556 454 ex
615 412 685 453 his
745 411 937 452 maxime
986 410 1212 458 versibus,
1275 409 1337 449 C.·
1360 407 1405 449 F.
1455 409 1566 448 Her-

64 493 278 521 mannum
315 482 369 520 de
406 482 574 530 Daphn.
606 482 787 519 Theocr.
824 493 863 530 p.
896 476 947 518 11
985 481 1095 519 satis
1133 480 1312 517 incaute
1343 478 1567 516 Theocriti

62 560 149 589 vss.
180 545 233 588 21
267 551 311 587 et
341 544 397 588 22
434 548 633 588 sublatos
662 547 870 588 voluisse.
929 546 1123 598 Legerat
1154 555 1232 585 eos
1262 544 1491 595 Vergilius
1524 546 1568 583 et

63 620 166 656 ante
197 628 301 656 eum
330 616 440 655 nihil
470 616 692 655 intrusum
723 619 802 664 est,
833 614 920 655 nisi
951 626 1064 667 quae
1096 615 1150 653 ab
1183 614 1478 660 Artemidoro,
1511 613 1568 651 ad

63 696 195 737 quem
227 685 375 725 omnia
405 695 486 724 nos
516 688 746 734 revocant,
786 685 850 724 ita
880 695 982 724 cum
1013 683 1288 723 Theocriteis
1329 683 1568 731 conjuncta

64 756 187 802 sunt,
219 756 269 792 ut
300 744 611 807 ἀποσπάσματα
639 756 800 804 poetae
840 754 886 792 in
923 752 1054 792 unius
1097 752 1305 791 carminis
1348 751 1567 790 ambitum

64 819 424 869 concinnaret*).·
463 820 666 861 Alterum
699 821 1010 861 concinnitatis
1042 830 1207 871 genus,
1250 820 1304 859 de
1337 829 1424 873 quo
1466 818 1566 867 dixi,

66 889 289 930 invenitur
319 901 353 930 e.
386 902 425 940 g.
456 890 511 930 id.
542 890 609 929 XI.
640 901 678 930 v,
709 886 765 930 22
796 893 841 929 et
869 885 944 930 23:

153 1033 181 1074 ¹⁸)
206 1033 383 1075 Magnam
407 1031 589 1065 laetitiam
608 1031 773 1074 percepi,
798 1041 911 1073 quum
937 1042 982 1065 ex
1000 1032 1175 1065 Ahrensii
1202 1032 1368 1065 editione
1386 1031 1566 1070 viderem,

63 1087 184 1123 virum
210 1087 468 1131 doctissimum
494 1086 652 1122 similem
677 1086 904 1123 sententiam
930 1087 977 1123 de
1001 1087 1051 1123 id.
1077 1087 1169 1124 VIII
1196 1090 1233 1124 et
1257 1087 1313 1123 IX
1337 1089 1488 1128 tenere,
1514 1088 1568 1122 at-

64 1157 136 1191 que
161 1157 233 1191 ego
265 1147 345 1190 jam
371 1145 435 1179 diu
458 1145 639 1179 foveram.
686 1144 780 1179 Nam
817 1144 938 1200 idyllii
963 1145 1087 1180 octavi
1118 1146 1208 1180 mihi
1238 1148 1393 1189 praeter
1417 1155 1569 1179 carmen

62 1204 289 1248 elegiacum,
327 1203 429 1247 quod
456 1202 608 1246 juvenis
639 1206 753 1246 poeta
783 1203 832 1236 ad
864 1203 1073 1247 exemplum
1104 1203 1287 1237 dramatis
1315 1202 1480 1238 Sosithei
1505 1202 1567 1246 (cf.

68 1271 148 1305 arg.
167 1263 204 1294 et
212 1259 362 1294 Hauler.
378 1271 413 1303 p.
427 1261 471 1295 44
487 1262 525 1294 et
545 1261 614 1302 52),
633 1259 671 1293 in
691 1270 867 1294 versuum
887 1269 1028 1304 genere
1047 1263 1200 1294 secutus
1216 1260 1400 1294 Philetam
1418 1263 1456 1294 ct
1473 1259 1569 1294 Her-

60 1317 326 1351 mesianactem
360 1316 421 1359 (cf.
446 1316 558 1350 Bach.
592 1316 737 1358 Quaest
773 1316 818 1350 el.
845 1326 944 1360 spec.
970 1328 1005 1361 p.
1034 1318 1074 1351 15
1109 1319 1192 1361 sq.)‚
1226 1317 1488 1361 composuisse
1514 1317 1567 1351 vi-

61 1376 182 1413 netur,
217 1375 255 1407 et
278 1383 312 1407 v,
338 1373 490 1412 63-70,
528 1373 661 1406 72-79
687 1372 778 1407 nihil
817 1372 1021 1417 genuinum
1047 1374 1213 1413 videtur,
1255 1385 1483 1419 quamquam
1520 1375 1567 1408 de

62 1441 136 1465 vss.
162 1431 298 1466 80—92
335 1429 475 1464 certius
512 1429 718 1472 quidquam
756 1431 924 1464 statuere
962 1430 1077 1465 nolim
1101 1434 1318 1475 propterea,
1356 1432 1459 1476 quod
1484 1432 1567 1475 ipse

61 1486 271 1521 Ahrensius
295 1496 394 1520 nunc
417 1486 539 1519 forma
565 1482 730 1531 ἀκάχοιτο
764 1497 797 1520 v,
824 1487 867 1520 90
892 1497 966 1521 non
990 1487 1045 1521 ita
1068 1487 1195 1521 laesus
1222 1489 1383 1529 videtur,
1409 1492 1451 1522 ut
1474 1489 1568 1524 Phil.

60 1544 82 1577 l.
106 1543 129 1577 l.
169 1555 202 1587 p.
228 1543 305 1578 413.
353 1542 405 1577 Ut
441 1541 587 1576 initium
623 1552 692 1586 pro
731 1542 979 1588 suppositicio
1017 1543 1193 1586 (maxima
1218 1548 1322 1580 certe
1360 1556 1405 1581 ex
1441 1548 1566 1590 parte)

62 1602 239 1639 habeam,
276 1599 365 1633 mihi
400 1609 475 1632 non
512 1599 630 1632 solum
667 1599 834 1633 insolens
872 1600 997 1634 hiatus
1033 1603 1121 1635 ante
1155 1613 1289 1637 vocem
1313 1600 1419 1647 ἀμνός
1460 1614 1494 1636 v.
1529 1604 1570 1637 14

61 1657 99 1690 et
133 1656 191 1697 15,
234 1665 343 1700 quem
382 1654 713 1700 grammaticorum
746 1655 957 1690 doctrinam
993 1656 1167 1692 redolere
1204 1661 1317 1702 puto,
1358 1659 1426 1692 sed
1452 1659 1565 1693 etiam

59 1713 150 1748 illud
175 1713 335 1748 suadere
371 1713 539 1754 videtur,
575 1714 677 1757 quod
702 1716 817 1758 poeta
850 1713 930 1749 sine
955 1716 1031 1751 ulla
1055 1718 1137 1751 arte
1167 1728 1200 1751 v.
1223 1719 1241 1751 5
1270 1720 1309 1752 et
1325 1718 1347 1752 8
1370 1717 1566 1753 Menalcae

61 1774 99 1805 et
123 1770 334 1814 Daphnidis
360 1770 521 1804 orationi
548 1770 741 1813 praefatus
774 1771 810 1804 in
837 1772 1011 1806 versibus
1045 1774 1244 1817 subjectis·
1262 1775 1301 1809 id
1325 1775 1452 1809 facere
1476 1776 1567 1809 omi-

61 1828 118 1862 sit.
167 1827 262 1862 Nam
286 1826 319 1861 si
344 1826 434 1871 quid
460 1826 591 1867 video,
615 1826 742 1871 potius
768 1839 801 1862 v.
828 1829 846 1862 5
874 1828 1074 1865 dicendum
1100 1832 1200 1867 erat:
1233 1830 1299 1873 Hi,
1332 1843 1446 1877 quum
1472 1832 1569 1868 alter

61 1885 218 1918 alterum
244 1885 522 1927 conspexisset,
559 1885 651 1918 talia
674 1885 774 1918 inter
811 1896 852 1919 se
878 1887 1108 1921 confabulati
1137 1891 1266 1929 sunt“,
1304 1890 1442 1924 deinde
1468 1891 1570 1924 nulla

60 1941 217 1986 amplius
260 1943 396 1985 poetae
438 1942 557 1975 verba
605 1941 892 1986 interponenda.
958 1943 1099 1979 Eadem
1139 1945 1324 1980 orationis
1366 1948 1566 1983 conversio

59 2010 284 2044 quamquam
314 1998 505 2033 invenitur
535 1999 583 2033 id.
609 1999 730 2033 XXII.
757 2001 799 2034 53
826 2010 925 2044 sqq„
959 2004 1086 2036 tamen
1111 2014 1155 2037 ex
1190 2004 1355 2039 carmine
1381 2006 1489 2049 epico
1517 2006 1564 2042 de

56 2056 226 2091 bucolico
253 2067 326 2091 non
346 2055 608 2100 judicaverim.
656 2056 827 2096 Accedit,
854 2057 956 2100 quod
980 2061 1096 2102 poeta
1121 2070 1166 2093 ea
1191 2061 1358 2096 carmina
1381 2062 1567 2105 bucolica,

59 2124 155 2157 quae
180 2124 255 2148 non
278 2116 360 2148 tota
384 2114 531 2149 mimica
557 2116 657 2153 sunt,
682 2124 832 2158 semper
858 2115 1063 2151 amicorum
1089 2117 1200 2152 alicui
1219 2118 1421 2154 dedicavit.
1457 2120 1511 2156 cf.
1530 2121 1569 2156 id

58 2170 121 2203 VI.
146 2170 210 2204 XI.
257 2170 300 2204 In
324 2171 373 2205 id.
399 2171 471 2205 VII
502 2171 543 2205 id
577 2171 703 2206 facere
730 2181 802 2204 non
827 2174 998 2215 poterat,
1036 2175 1139 2218 quod
1163 2176 1234 2209 hoc
1260 2186 1412 2211 carmen
1437 2179 1565 2213 multis

59 2226 167 2262 simul
193 2226 357 2262 dicatum
382 2230 451 2262 est.
500 2228 626 2270 Quare
650 2238 719 2272 per
744 2238 784 2262 se
810 2238 884 2262 non
909 2229 1078 2273 ineptum
1104 2236 1205 2272 erat,
1231 2234 1334 2276 quod
1358 2234 1565 2270 Piersonus

59 2284 180 2318 Veris.
217 2295 253 2328 p.
276 2285 321 2318 46
348 2284 521 2328 putavit,
559 2294 591 2317 v.
617 2285 639 2318 2
676 2282 844 2329 Διόφαντε
884 2296 954 2329 pro
991 2284 1037 2326 ὡς
1061 2288 1164 2333 φαντί
1201 2289 1444 2326 scribendum
1470 2302 1566 2328 esse.

60 2341 294 2385 Videturque
334 2346 449 2385 poeta
487 2342 525 2375 in
568 2340 740 2375 omnibus
783 2343 933 2377 omnino
976 2345 1204 2380 carminibus
1245 2349 1340 2383 hanc
1382 2347 1569 2387 ratio‘ncm

59 2399 238 2438 tenuisse,
265 2400 297 2432 si
315 2409 406 2432 vera
425 2400 483 2433 est
504 2399 550 2432 de
569 2397 726 2441 reliquis
744 2397 886 2442 idylliis
904 2399 1082 2435 Ahrensii
1102 2404 1302 2439 sententia.
1337 2406 1569 2451 Excipienda

60 2455 157 2490 enim
182 2466 268 2491 esse
292 2455 341 2492 id.
360 2455 450 2491 XVI
474 2458 512 2491 et
530 2455 639 2491 XVII
664 2454 756 2491 satis
783 2459 958 2501 apparet,
987 2460 1025 2493 et
1050 2458 1099 2511 de
1123 2460 1173 2497 id.
1195 2460 1325 2498 XVIII
1349 2463 1439 2500 mihi
1463 2467 1568 2502 recte

58 2511 291 2547 Fritzschius
315 2524 350 2557 p.
376 2515 421 2549 42
452 2513 668 2557 disputasse
702 2513 853 2548 videtur
885 2516 1062 2551 carminis
1094 2517 1243 2554 initium
1280 2521 1416 2556 deesse
1441 2522 1567 2556 existi-

58 2579 176 2604 mans.
224 2569 277 2604 cf.
302 2572 428 2606 tamen
453 2570 500 2605 de
526 2570 657 2605 codem
688 2569 819 2615 idyllio
844 2571 998 2607 Hauler.
1023 2585 1059 2619 p.
1086 2575 1139 2610 39.
1188 2575 1240 2611 Ut
1264 2580 1389 2612 autem
1412 2579 1567 2615 redeam

60 2627 108 2661 ad
131 2626 181 2660 id.
201 2626 303 2666 VIII,
321 2638 355 2661 v.
375 2628 509 2663 72—79
526 2630 679 2672 praeter
697 2630 860 2671 quatuor
879 2630 1030 2673 priores
1056 2633 1152 2666 adeo
1173 2634 1273 2667 nullo
1294 2636 1566 2671 sententiarum

57 2683 206 2719 vinculo
230 2682 330 2717 inter
355 2694 395 2718 se
421 2686 635 2725 cohaerent,
660 2687 702 2719 ut
727 2686 884 2721 credere
910 2688 972 2723 vix
996 2690 1159 2733 possim,
1184 2692 1253 2733 hac
1278 2691 1426 2727 ratione
1451 2704 1518 2729 eos
1544 2706 1566 2730 a

56 2742 171 2784 poeta
194 2739 233 2774 in
256 2740 444 2784 publicum
469 2743 629 2776 emissos
653 2753 751 2778 esse.
800 2744 988 2779 Videntur
1012 2746 1139 2790 potius
1166 2748 1343 2782 carminis
1369 2751 1566 2786 amoebaei

56 2797 202 2833 initium
224 2797 362 2838 fuisse,
399 2799 506 2842 quus
544 2799 713 2845 singulas
752 2801 929 2846 strophas
957 2803 1182 2838 Theocritus
1208 2815 1229 2839 e
1261 2804 1362 2840 binis
1387 2807 1564 2843 versibus
