1911 3215
940 118 999 164 66

219 238 494 276 mentionem
523 237 638 278 facit.
679 236 854 276 Etenim
886 236 924 274 si
954 235 1210 286 pastoribus
1242 236 1287 274 in
1319 237 1454 275 cantu
1483 235 1728 276 amoebaeo

219 310 343 345 extra
372 306 486 345 fines
516 306 635 346 vitae
666 305 880 356 principio
903 304 1111 344 carminis
1133 303 1243 354 ipsis
1264 303 1523 354 assignatae
1545 305 1727 355 evagari

216 372 349 423 licuit,
371 373 446 426 qui
469 372 777 425 explicandum
801 372 869 422 sit,
902 371 1020 425 quod
1042 372 1087 411 in
1108 372 1196 412 fine
1217 374 1394 411 tantum
1415 372 1526 412 alios
1549 379 1726 412 amores

215 442 481 491 induxerint,
512 443 632 482 haud
661 442 790 481 facile
818 441 1005 481 indicari
1033 442 1207 492 poterit.
1248 443 1361 481 Tum
1391 453 1497 482 vero
1517 442 1725 483 Comatas

216 522 253 550 v.
278 506 360 551 132
392 513 711 550 commemorat
741 509 814 549 ille
848 510 1028 561 quidem
1059 509 1193 550 aliam
1213 509 1418 560 puellam,
1451 510 1532 551 sed
1550 511 1727 550 tantum

217 579 346 618 abest
376 583 425 618 ut
454 579 574 617 illam
606 590 655 617 se
687 578 732 617 in
765 578 935 618 deliciis
967 579 1133 618 habere
1168 580 1447 629 profiteatur,
1490 581 1540 618 ut
1571 589 1671 618 eam
1702 588 1728 618 a

218 658 266 686 se
305 658 394 686 non
436 647 576 686 amari
616 649 767 697 aperte
798 647 1069 697 pronuntiet.
1127 646 1308 706 Spernit
1338 648 1475 699 igitur
1504 658 1623 703 nunc
1653 645 1727 685 Al-

217 716 395 776 cippen,
437 719 570 755 antea
601 715 778 754 amavit
839 716 910 754 Ad
942 705 1292 755 confirmandam
1322 716 1439 755 hanc
1469 716 1725 767 opinionem

221 797 400 825 carmen
432 785 613 824 tertium
644 785 689 823 in
728 784 942 823 auxilium
982 785 1132 825 vocari
1173 789 1340 835 potest,
1393 784 1432 823 si
1462 784 1563 836 quis
1594 785 1641 825 in
1672 795 1725 824 eo

218 852 368 893 omnia
399 852 659 903 simpliciter
688 853 976 903 pronuntiata
1008 864 1106 894 esse
1136 856 1274 905 putat.
1314 852 1425 893 Nam
1457 852 1519 892 ibi
1550 862 1728 905 quoque

215 925 391 972 praeter
422 922 742 972 Amaryllidem
775 934 801 961 a
831 923 1031 973 caprario
1071 935 1114 978 Y.»
1138 918 1195 971 35
1226 923 1314 962 alia
1353 922 1503 973 puella
1533 933 1727 962 comme-

215 978 431 1048 moratur,
472 1002 605 1042 quam
637 1001 686 1030 se
717 991 780 1029 illi
812 991 1169 1041 antepositurum
1200 1001 1303 1031 esse
1333 991 1538 1031 minatur.
1600 990 1725 1039 Quae

216 1067 353 1109 quum
383 1058 447 1098 ita
478 1059 577 1107 sint,
609 1062 728 1099 certe
756 1059 989 1100 Comatam
1020 1059 1257 1100 dicendum
1289 1059 1372 1100 erit
1402 1059 1497 1100 suis
1527 1057 1727 1099 moribus

217 1129 442 1174 constare,
490 1138 580 1166 non
623 1128 816 1166 alienam
858 1138 1097 1177 personam
1139 1128 1336 1167 induere.
1394 1128 1550 1178 Neque
1590 1127 1725 1167 aliam

214 1194 332 1234 vitae
365 1196 671 1236 condicionem
709 1196 891 1237 simulat
937 1196 1049 1237 alter
1086 1199 1241 1247 pastor
1281 1196 1409 1237 Laco.
1469 1196 1553 1236 Hic
1593 1206 1727 1247 quem

191 1263 347 1302 “antea
364 1260 705 1322 Ξᾳ-ῖρωνυμικῶς
736 1264 962 1319 Cratidam
999 1267 1257 1319 vocaverat,
1306 1277 1345 1305 v,
1379 1260 1461 1304 134
1486 1265 1582 1313 jam
1618 1273 1726 1304 vero

213 1332 394 1371 nomine
424 1333 672 1373 Eumedem
705 1333 908 1384 appellat,
941 1337 986 1372 et
1014 1334 1127 1373 haec
1159 1344 1295 1373 causa
1326 1336 1406 1381 est,
1438 1332 1727 1385 quamobrem

216 1411 346 1440 suam
378 1402 608 1451 stropham
640 1402 825 1441 alterius
857 1406 1052 1452 opponat
1080 1413 1359 1453 puerumque
1397 1412 1670 1453 magnopere
1701 1412 1728 1440 a

217 1478 265 1507 se
297 1469 438 1507 amari
464 1468 590 1508 dicat.
651 1470 903 1509 Artificiose
934 1480 1040 1509 vero
1070 1473 1204 1520 poeta
1234 1470 1279 1509 id
1310 1470 1490 1517 curavit,
1520 1472 1570 1508 ut
1598 1469 1728 1516 Laco,

216 1537 425 1588 quoniam
448 1537 502 1576 de
524 1549 613 1576 uno
637 1538 884 1590 eodemque
907 1538 1087 1577 homine
1109 1538 1387 1590 loquebatur,
1410 1537 1530 1577 aliud
1551 1547 1728 1587 semper

214 1606 380 1645 donum
427 1610 799 1646 commemoraret
840 1604 907 1654 (cf.
938 1618 976 1647 v,
998 1601 1055 1646 98
1075 1617 1138 1659 sq.
1171 1602 1252 1647 106
1273 1618 1336 1658 sp.
1362 1602 1445 1646 134
1465 1603 1558 1658 sq),
1590 1616 1726 1657 quum

218 1674 427 1715 Comatae
464 1675 803 1730 idemvmunuS,
834 1675 1111 1731 palumbem,
1154 1686 1202 1716 se
1236 1676 1477 1716 Clearistae
1520 1675 1727 1715 daturum

215 1754 316 1783 esse
350 1742 404 1792 (v.
435 1739 493 1782 96
524 1741 603 1796 sq.)
643 1748 687 1785 et
723 1745 936 1796 Alcippae
979 1744 1157 1799 dedisse
1190 1742 1244 1793 (v.
1278 1740 1361 1785 132
1390 1741 1470 1796 sq.)
1503 1746 1623 1783 recte
1664 1742 1727 1783 di-

213 1824 312 1852 cere
352 1813 558 1863 potuerit.
618 1803 667 1851 In
711 1813 972 1863 explicando
1022 1813 1202 1852 nomine
1243 1807 1460 1865 Κρατίδας
1499 1815 1725 1851 auctorem

213 1882 358 1921 habeo
390 1881 575 1932 Papium
608 1892 641 1922 s.
673 1894 722 1930 v„
754 1885 801 1921 et
834 1882 1076 1923 scholiasta
1108 1881 1273 1922 codicis
1294 1881 1334 1921 K
1362 1880 1418 1921 ad
1439 1892 1477 1921 v.
1508 1875 1565 1920 90
1594 1883 1641 1920 et
1669 1875 1727 1919 99

213 2019 457 2072 significari
487 2019 670 2070 putavit.
729 2020 821 2058 Nec
853 2021 972 2059 enim
1002 2002 1202 2060 necesse
1223 2030 1343 2067 esse,
1383 2018 1428 2058 id
1459 2002 1577 2069 quod
1607 1999 1726 2056 idem

217 2086 359 2125 voluit
389 2087 444 2125 ad
476 2098 513 2126 V.
544 2083 617 2134 99,
660 2087 885 2127 Cratidam
915 2098 994 2138 pro
1028 2088 1231 2128 Cratidae
1262 2087 1353 2127 filio
1386 2086 1542 2136 accipi,
1593 2096 1727 2137 quem

216 2155 623 2203 patronymicorum
656 2165 786 2194 usum
821 2156 971 2205 tetigit
987 2156 1240 2195 Meinekius
1270 2155 1325 2194 ad
1346 2154 1401 2195 id.
1423 2154 1515 2194 V11.
1534 2150 1603 2202 40,
1634 2164 1725 2193 ma-

215 2222 380 2263 nifesto
431 2234 647 2274 apparere
696 2224 838 2263 credo.
900 2223 1108 2264 Ceterum
1158 2223 1536 2277 quemadmodum
1583 2222 1726 2262 Theo—

191 2281 353 2330 feritus
392 2292 464 2330 hic
507 2292 700 2332 eundem
741 2292 969 2332 hominem
1018 2297 1063 2332 et
1101 2289 1425 2346 πατρωνυμικῶς
1464 2295 1509 2331 et
1547 2290 1725 2341 proprio

197 2360 396 2399 nomine
428 2360 686 2410 appellavit,
734 2362 796 2400 ita
834 2362 876 2401 id
907 2362 957 2402 X.
989 2358 1043 2401 15
1075 2362 1233 2401 eadem
1262 2360 1412 2412 puella
1439 2352 1470 2400 ἁ
1498 2350 1727 2408 Πολυβώτα

215 2432 418 2476 vocatur,
450 2439 564 2479 quae
594 2433 752 2479 postea
784 2428 837 2478 (v.
868 2423 925 2470 26
956 2433 1001 2470 et
1029 2425 1101 2479 36)
1133 2422 1338 2483 Βομβὺκα
1368 2428 1546 2476 dicitur,
1583 2427 1646 2467 ita
1675 2428 1726 2465 ut

212 2497 341 2538 facile
382 2497 562 2537 credere
602 2499 771 2547 possis,
822 2499 938 2539 hanc
978 2498 1210 2538 nominum
1249 2498 1509 2538 varietatem
1543 2507 1598 2537 ex
1626 2496 1725 2547 ipsa

211 2567 330 2606 vitae
362 2565 687 2605 consuetudine
719 2577 745 2605 a
774 2570 908 2616 poeta
948 2575 1206 2617 expressam
1248 2576 1360 2606 esse.
1419 2565 1583 2605 Ultimo
1621 2566 1721 2605 loco

214 2635 519 2687 quaerendum
575 2638 661 2682 est,
712 2634 829 2673 unde
883 2639 1062 2684 poetam
1118 2634 1334 2684 suspicari
1376 2635 1508 2675 liceat
1553 2634 1723 2674 exitum

214 2703 480 2752 certaminiS,
513 2703 631 2756 quod
651 2704 720 2743 est
739 2702 785 2742 in
807 2702 862 2742 id.
884 2703 934 2752 V,
956 2703 1196 2756 arbitrique
1211 2703 1430 2752 judicium
1451 2712 1723 2754 suspensum

217 2782 317 2813 esse
366 2773 574 2814 voluisse.
636 2773 700 2813 Ac
757 2770 980 2813 Greverus
1029 2773 1208 2825 quidem
1257 2772 1283 2814 l.
1325 2772 1350 2814 l.
1388 2785 1430 2825 p.
1469 2767 1524 2812 55
1564 2771 1723 2813 merito

217 2839 425 2881 Comatae
455 2842 686 2882 victoriam
720 2851 980 2882 concessam
1002 2851 1104 2881 esse
1123 2842 1296 2891 putavit
1314 2845 1562 2893 propterea,
1594 2840 1723 2892 quod,
