1911 3215
908 86 965 130 76

179 214 446 257 persuasum
477 205 688 253 habeam,
731 205 890 252 omnia,
923 215 1036 255 quae
1079 204 1132 243 ab
1166 214 1216 243 eo
1254 206 1434 244 narrata
1470 208 1595 252 sunt,
1638 215 1691 244 ex

182 275 378 315 carmine
407 273 610 325 populari
641 274 876 324 desumpta
907 270 1056 320 esse.*)
1119 272 1198 313 Cui
1229 273 1314 313 etsi
1346 272 1486 313 multa
1515 273 1693 324 propria

180 354 232 383 ac
298 343 540 393 peculiaria
599 342 796 390 fuerunt,
856 353 946 382 non
1005 342 1165 381 deesse
1225 345 1398 390 tamen,
1459 352 1573 393 quae
1635 341 1689 380 ab

179 412 319 453 altera
368 411 520 452 fabula
568 424 657 452 non
708 411 897 451 multum
953 411 1224 463 discrepent,
1281 422 1335 451 ex
1385 410 1687 462 disputatione

178 491 280 521 mea
334 481 638 532 appariturum
693 490 794 520 esse
855 480 1052 520 arbitror.
1130 480 1234 528 Sed,
1283 483 1332 519 ut
1391 479 1571 519 redeam
1632 478 1688 519 ad

178 561 274 591 rem
312 550 606 600 propositam,
646 548 822 589 videtur
859 549 971 589 adeo
1012 549 1319 590 testimonium
1359 548 1559 601 aliquod,
1600 559 1688 600 quo

180 619 465 658 confirmetur
494 629 596 657 mea
643 617 697 657 de
727 618 920 668 pastoris
967 617 1087 657 exitu
1135 618 1306 668 opinio,
1357 618 1451 657 erui
1495 627 1630 668 posse
1655 628 1687 656 e

179 687 447 727 scholiastae
478 686 627 726 verbis
669 686 722 725 ad
755 686 811 727 id.
842 687 954 726 VIII.
984 681 1061 725 92:
1103 681 1141 725 οἱ
1169 681 1214 726 δὲ
1243 682 1379 726 λοιποί
1407 697 1531 739 φασιν
1561 677 1686 725 αὐτὸν

177 751 451 809 τυφλωῖἥναι
468 749 541 794 καὶ
561 747 771 808 ἀλώμενον
790 751 1225 809 κατακρημνισῖῖῆναι.
1257 755 1405 805 Quum
1428 765 1481 794 ex
1511 755 1577 802 iis,
1611 754 1687 806 qui

179 824 439 863 caecitatem
470 823 715 875 Daphnidis
755 827 1124 872 commemorant,
1165 835 1296 863 nemo
1339 834 1442 863 eum
1483 823 1537 863 de
1579 834 1687 873 rupe

178 892 393 932 cecidisse
424 896 592 939 narret,
634 892 851 942 suspicari
881 892 1004 940 licet,
1046 892 1222 931 diversa
1258 892 1330 931 hic
1362 891 1550 932 confusa
1587 901 1687 931 esse

179 964 222 1001 et
252 961 388 1001 verba
418 964 647 1012 postrema
679 961 742 1001 sic
774 972 874 1002 esse
907 961 1191 1013 corrigenda:
1223 955 1297 1001 καὶ
1326 953 1446 1002 ἄλλοι
1465 956 1526 1001 ἔτι
1554 972 1685 1001 κατα-

177 1026 497 1083 κρημνισῖτῆναι,
528 1030 553 1070 i.
577 1041 611 1070 e.
641 1030 804 1082 aliique
834 1031 980 1079 etiam,
1013 1042 1117 1070 eum
1148 1030 1202 1069 de
1234 1041 1343 1081 rupe
1375 1041 1424 1070 se
1457 1030 1686 1079 dejecisse.

177 1097 243 1137 De
293 1101 436 1137 morte
478 1098 730 1137 voluntaria
780 1099 949 1149 accepit
996 1099 1107 1139 haec
1147 1099 1284 1142 verba
1325 1100 1459 1138 etiarn
1490 1098 1685 1138 Adertus

177 1164 358 1205 Theocr.
398 1178 437 1215 p.
474 1162 548 1213 43,
599 1167 845 1218 eodemque
896 1167 1027 1206 modo
1079 1170 1343 1217 usurpatum
1392 1170 1461 1206 est
1500 1166 1686 1206 verbum

176 1228 590 1288 xoetoexpnuvtgeoimt
620 1246 711 1286 arg.
744 1235 799 1276 id.
830 1236 907 1275 IX:
950 1227 1065 1276 οὐδὲν
1105 1230 1151 1275 δὲ
1179 1231 1264 1288 ἔχει
1293 1227 1394 1289 πρὸς
1421 1227 1492 1275 τὸν
1522 1228 1683 1275 Μενάλ-

172 1315 252 1342 καν
282 1299 424 1342 τοῦτον
461 1296 564 1342 ὅντα
591 1295 766 1343 Σικελὸν
806 1295 906 1356 ὑπὲρ
939 1297 1158 1343 Μενάλκου
1188 1300 1453 1354 Χαλκιδέως,
1481 1296 1528 1343 ὅν
1560 1313 1683 1356 φησιν

165 1363 456 1424 Ἑρμησιάναξ
487 1368 718 1426 ἐρασῒῖῆναι
747 1369 825 1427 τῆς
853 1368 1093 1426 Κυρηναίοις
1122 1365 1315 1427 Etim-225
1343 1366 1417 1413 καὶ
1447 1364 1516 1412 διὰ
1542 1364 1589 1411 τ“ο
1621 1363 1680 1426 μὴ

174 1432 457 1492 ἐπιτυγχάνειν
510 1433 644 1495 αὐτῆς
691 1437 1125 1496 κατακρημνισῖῑῆναι.
1194 1442 1350 1481 Utrum
1398 1442 1446 1490 ii,
1497 1451 1686 1493 quorum

175 1509 486 1548 auctoritatem
519 1509 760 1549 scholiasta
798 1513 979 1550 secutus
1013 1514 1101 1558 est,
1144 1513 1187 1549 et
1218 1511 1303 1561 ipsi
1332 1521 1428 1550 rem
1458 1510 1520 1548 ita
1549 1509 1683 1549 tradi-

174 1576 319 1617 derint
349 1589 406 1617 an
437 1577 719 1628 Daphnidem
760 1589 808 1618 se
841 1578 896 1618 de
927 1590 1035 1630 rupe
1076 1579 1121 1618 in
1162 1579 1325 1618 fluctus
1364 1578 1682 1629 praecipitasse

172 1646 449 1686 narraverint
481 1645 548 1694 (cf.
579 1646 725 1687 id.111.
757 1643 812 1686 25
838 1659 901 1699 sq.
932 1648 983 1687 V.
1018 1643 1070 1687 15
1092 1646 1183 1700 sq.)‚
1214 1649 1259 1687 in
1290 1648 1437 1687 medio
1468 1648 1681 1699 relinquo,

172 1727 309 1768 quum
341 1716 450 1755 satis
480 1726 552 1755 me
584 1715 627 1755 id
658 1716 874 1767 probasse
907 1716 1178 1766 existimem,
1218 1717 1375 1756 mortis
1405 1716 1683 1759 voluntariae

170 1784 478 1825 testimonium
524 1797 614 1825 non
645 1797 754 1835 ¹uno
786 1786 1012 1825 Theocriti
1056 1786 1154 1826 loco
1206 1786 1434 1825 contineri.
1494 1786 1596 1828 Jam
1645 1785 1683 1824 si

170 1865 274 1894 vere
306 1853 528 1904 disputavi
560 1854 613 1893 de
644 1854 699 1893 id.
731 1854 749 1892 I
779 1854 984 1894 versibus
1018 1849 1101 1894 138
1132 1864 1214 1906 sq.,
1262 1854 1463 1906 sequitur
1491 1854 1683 1904 primum

172 1922 372 1974 quidem,
409 1925 458 1960 ut
489 1922 795 1973 reponendum
827 1923 885 1961 sit
915 1923 970 1963 id.
1001 1923 1021 1962 Ι
1050 1934 1090 1963 v.
1122 1918 1205 1962 136
1234 1915 1531 1971 ἀπεπαῦσατο,
1564 1922 1681 1974 quod

168 1990 348 2042 plurimi
379 1990 478 2030 libri
518 1990 751 2043 praebent,
801 1991 962 2031 deinde
1001 2002 1129 2040 vero,
1180 1995 1229 2031 ut
1267 1991 1322 2031 iis
1352 1990 1521 2043 verbiS,
1568 2001 1683 2042 quae

171 2059 322 2099 statim
354 2064 622 2112 sequuntur,
664 2052 735 2099 τὸν
771 2052 809 2098 δ’
846 2052 1076 2113 Ἀφροδίτα
1104 2053 1228 2115 {sisar
1267 2053 1524 2111 ἀνορῖςῶσαι,
1564 2060 1682 2099 hunc

170 2137 356 2168 sensum
387 2128 638 2176 subjectum
671 2137 771 2167 esse
804 2128 1061 2168 credamus:
1100 2128 1264 2176 „hujus
1296 2128 1493 2167 animum
1526 2127 1680 2167 Venus

170 2196 342 2247 erigere
373 2207 424 2235 ac
456 2196 718 2235 confirmare
748 2193 962 2234 volebat.“
1020 2197 1173 2247 Neque
1204 2207 1308 2235 vero
1351 2196 1394 2235 id
1437 2196 1547 2236 satis
1589 2199 1681 2244 est;

170 2264 451 2303 immutanda
481 2267 525 2302 et
557 2263 857 2303 convertenda
889 2266 959 2303 est
988 2267 1082 2303 tota
1111 2263 1273 2303 fabula.

282 2332 432 2381 Quum
464 2331 583 2371 enirn
613 2343 669 2371 ne
705 2331 972 2371 tenuissima
1003 2332 1183 2383 quidem
1215 2332 1409 2382 suspicio
1443 2343 1466 2371 e
1497 2330 1681 2382 reliquis

166 2404 329 2450 poetae
348 2400 554 2438 versibus
578 2400 677 2439 elici
708 2404 852 2451 queat,
883 2400 1001 2439 unde
1024 2400 1331 2439 demonstrare
1362 2400 1504 2445 liceat,
1533 2403 1682 2447 pasto—

165 2478 262 2507 rem
292 2466 544 2517 Nympham
585 2467 630 2507 in
677 2468 1010 2508 matrimonium
1052 2466 1232 2506 duxisse
1281 2469 1325 2505 et
1369 2469 1527 2517 postea
1565 2466 1679 2506 alius

163 2536 341 2588 puellae
373 2535 596 2576 desiderio
629 2540 879 2586 correptum
917 2546 1040 2583 esse,
1072 2547 1139 2575 >ne
1171 2546 1224 2574 ea
1265 2535 1443 2586 quidem
1476 2547 1589 2588 quae
1620 2535 1680 2575 le-

167 2594 336 2657 guntur
365 2614 454 2645 vss.
475 2598 534 2644 82
555 2615 618 2656 sq
651 2595 680 2642 ἁ
706 2600 753 2643 δέ
779 2601 896 2653 τε**)
926 2597 1041 2657 κώρα
1070 2596 1210 2650 πάσας
1240 2595 1321 2643 ἀνὰ
1350 2597 1519 2656 κράνας,
1549 2596 1672 2644 πάντ’

206 2690 210 2691 ⁷
261 2704 294 2746 *)
321 2702 375 2738 Cf.
402 2703 516 2738 etiam
544 2711 642 2746 quae
669 2700 763 2735 dixit
787 2702 857 2735 hac
883 2701 929 2734 de
955 2712 996 2735 re
1021 2701 1175 2735 Hauler
1200 2711 1234 2743 p.
1259 2701 1314 2734 47

257 2760 305 2804 **)
332 2760 461 2795 Verba
499 2756 521 2795 ἁ
546 2758 589 2796 δέ
616 2771 655 2796 τε
680 2757 882 2793 retinenda
908 2768 993 2792 esse
1018 2759 1121 2802 puto.
1170 2755 1264 2791 Nam
1290 2758 1363 2792 etsi
1388 2769 1408 2793 e
1436 2756 1561 2792 verbis
1587 2756 1682 2791 Ver-

167 2817 249 2862 gilii
268 2817 334 2853 ecl.
354 2817 399 2852 X
418 2818 497 2856 22,
501 2819 578 2857 ‚tua
603 2827 706 2857 cura,
724 2814 912 2860 Lycoris“
938 2813 1076 2859 conjici
1100 2815 1239 2860 potest,
1263 2812 1287 2851 ἁ
1309 2815 1349 2851 δέ
1364 2827 1417 2851 τοι
1441 2824 1571 2849 veram
1595 2823 1681 2848 esse
