1911 3215
967 109 1026 155 35

247 229 328 274 tur,
360 226 479 278 quod
510 226 567 266 ad
583 225 812 266 ‘Theocriti
841 224 1092 275 exemplum
1123 224 1178 265 id.
1200 225 1267 266 IX.
1289 221 1325 266 1.
1346 221 1374 266 2
1403 225 1509 265 fecit
1526 225 1757 277 Vergilius
1828 224 1829 227 ’

248 294 326 333 ecl.
357 294 408 333 V.
429 289 495 333 51.
514 290 580 342 52,
612 297 663 332 ut
696 292 1057 332 animadversum
1088 295 1158 331 est
1178 303 1205 331 a
1223 293 1445 342 BriggsiO,
1477 296 1522 332 et
1552 293 1760 333 sImiliter

249 361 326 400 ecl.
347 361 415 401 IX.
435 355 502 401 64.
522 356 590 401 65.
630 362 776 412 Quam
807 360 929 400 utilis
961 361 1021 401 sit
1049 361 1185 410 hujus
1215 360 1481 400 imitationis
1503 361 1758 402 observatio

246 430 374 470 facile
397 429 695 470 demonstrari
714 431 874 480 potest.
904 429 1017 468 Nam
1037 430 1125 469 nisi
1146 429 1223 470 ecl.
1235 429 1286 470 V.
1306 439 1394 470 vss
1415 424 1550 470 5152
1570 430 1669 480 ipsa
1691 440 1758 469 re-

252 502 518 549 pugnarent,
550 510 603 538 ex
624 499 710 537 alio
726 498 915 549 Vergilii
934 498 1032 537 loco
1055 492 1314 545 (e01.111.58)
1337 508 1428 537 non
1447 498 1597 538 minus
1620 490 1758 549 quam

249 577 275 606 e
307 567 442 607 schol.
476 566 638 606 Genev.
671 566 891 615 conjicere
921 575 1092 617 posseS‚
1123 565 1178 605 id.
1210 566 1268 606 IX
1297 575 1386 607 vss.
1414 562 1451 607 1.
1481 562 1510 607 2
1539 565 1585 606 in
1617 577 1757 606 unum

250 635 575 675 contrahendos
615 645 733 683 esse,
771 638 816 675 et
853 637 916 674 ita
952 635 1327 674 Wordsworthius
1365 636 1461 675 solo
1498 635 1758 686 Vergiliano

246 714 379 743 versu
429 707 658 754 permotus
707 715 863 744 revera
914 702 1169 743 faciendum
1220 704 1395 754 putavit
1407 702 1454 753 *).
1525 703 1756 744 Peculiare

248 773 459 824 quiddam
491 773 627 812 etiam
659 784 713 812 ea
743 772 950 823 repetitio
982 772 1129 820 habet,
1161 772 1478 824 quumaliqua
1497 783 1584 812 vox
1612 772 1682 812 bis
1709 772 1756 811 in

246 841 408 892 priore,
445 841 586 882 semel
623 842 668 881 in
703 842 952 893 posteriore
988 851 1122 882 versu
1160 841 1412 882 collocatur.
1471 840 1531 883 Of.
1571 841 1755 882 Theocr.

246 911 274 950 Ι.
296 907 361 950 71.
374 907 439 950 72.
452 906 517 949 74.
538 906 604 950 75.
636 911 684 951 II.
696 906 763 951 38.
774 906 842 950 39.
873 911 1024 951 XVIII.
1039 906 1104 951 10.
1119 907 1183 951 11.
1215 911 1343 951 Hanc
1364 910 1592 962 Vergilius
1614 908 1752 950 semel

245 978 438 1019 adscivit
460 979 536 1020 ecl.
549 981 597 1020 X.
614 975 676 1020 13.
696 976 760 1029 14,
785 983 1004 1031 spectans,
1026 980 1082 1020 id.
1104 980 1132 1020 I.
1145 975 1212 1020 71.
1228 976 1295 1021 72.
1325 980 1423 1020 Hoc
1445 980 1483 1019 si
1504 979 1756 1019 Ahrensius

248 1048 527 1096 attendisset,
551 1048 592 1087 ei
614 1049 907 1096 conjecturae,
928 1059 1063 1099 quam
1085 1048 1141 1087 ad
1161 1059 1199 1088 v.
1211 1043 1266 1086 75
1292 1043 1381 1096 (74)
1400 1047 1597 1099 protulit,
1619 1046 1753 1086 aliam

250 1115 413 1156 addere
449 1119 636 1167 poterat.
718 1117 830 1157 Mihi
869 1118 988 1157 enim
1038 1128 1254 1169 perquam
1301 1117 1542 1156 verisimile
1578 1116 1756 1156 videtur

249 1184 366 1236 quod
402 1195 483 1235 pro
526 1179 677 1225 πολλαὶ
711 1179 747 1224 δ’
793 1174 845 1224 αὖ
890 1186 1081 1235 conjecit
1121 1179 1273 1225 πολλαί
1308 1179 1356 1224 οἱ.
1422 1185 1519 1224 Hac
1559 1183 1758 1225 admissa

249 1254 506 1302 conjectura
535 1249 687 1292 πολλαί
715 1255 785 1293 vel
817 1250 960 1293 πολλοί
989 1255 1058 1293 bis
1089 1255 1135 1293 in
1165 1255 1330 1304 priore,
1362 1254 1503 1293 semel
1533 1254 1579 1293 in
1609 1256 1758 1303 poste-

245 1321 362 1362 riore
392 1333 523 1362 versu
558 1322 824 1362 collocatum
856 1327 941 1372 est,
979 1317 1017 1362 οἱ
1051 1322 1178 1363 initio
1215 1323 1374 1374 prioris
1407 1325 1452 1363 et
1481 1322 1754 1374 posterioris.

244 1390 414 1429 Eadem
453 1391 668 1430 orationis
707 1393 934 1442 elegantia
972 1395 1183 1431 nascetur
1218 1393 1264 1430 in
1299 1391 1524 1439 versibus,
1571 1392 1646 1442 qui
1683 1391 1754 1430 his

247 1459 531 1510 respondent,
561 1455 616 1499 71
650 1462 694 1499 et
724 1455 791 1507 72,
823 1461 861 1499 si
893 1460 1124 1510 scripseris
1156 1471 1194 1500 v.
1226 1456 1279 1499 71
1312 1455 1386 1499 καί
1413 1469 1492 1510 pro
1524 1452 1619 1511 μάν.
1681 1458 1758 1497 At-

249 1538 335 1578 que
372 1527 561 1567 suadere
606 1528 649 1567 id
686 1528 862 1568 videtur
905 1528 1097 1567 imitatio
1135 1527 1405 1579 Vergiliana.
1471 1527 1649 1567 Etenim
1686 1527 1758 1566 hic

244 1607 427 1647 prorsus
470 1597 630 1636 eodem
670 1597 803 1636 modo
836 1601 952 1638 etiam
982 1598 1051 1636 bis
1081 1608 1119 1637 v.
1153 1592 1227 1644 13,
1272 1596 1413 1636 semel
1442 1607 1481 1636 v.
1514 1592 1569 1635 14
1597 1596 1758 1646 posuit,

244 1668 477 1716 praeterea
526 1665 638 1706 illum
689 1666 829 1706 semel
868 1678 906 1706 v.
946 1661 999 1705 13
1038 1669 1082 1705 et
1114 1661 1178 1705 14.
1236 1665 1386 1716 Magis
1427 1665 1563 1704 etiam
1601 1664 1759 1716 Vergi-

243 1734 349 1773 liani
380 1745 538 1774 versus
571 1746 672 1774 cum
704 1735 981 1774 Theocriteis
1015 1735 1343 1785 conspirarent,
1385 1734 1423 1773 si
1454 1744 1478 1772 e
1511 1733 1604 1773 cod.
1633 1733 1758 1773 Rom.

242 1803 352 1843 Pier.
375 1803 696 1843 scriberemus:
729 1804 882 1852 „Illum
914 1805 1049 1844 etiam
1081 1803 1204 1851 lauri,
1236 1803 1362 1842 illum
1394 1799 1498 1842 etc.“
1558 1800 1618 1841 At
1638 1802 1758 1840 vide-

243 1875 316 1910 tur
350 1876 486 1923 poeta
527 1875 707 1924 propter
747 1883 1038 1912 numerorum
1075 1872 1405 1912 volubilitatem
1444 1869 1759 1922 repetitionem

244 1941 450 1981 vocabuli
471 1939 656 1989 „etiam“
676 1942 953 1992 praetulisse.
987 1942 1239 1992 Cognatum
1262 1944 1341 1989 est,
1359 1940 1478 1992 quod
1495 1939 1759 1979 Theocritus

243 2009 298 2049 id.
335 2010 364 2049 Ι.
394 2005 452 2049 77
483 2021 574 2061 sqq.
614 1998 722 2065 ἧνῖῑε
767 2014 812 2050 et
847 1999 977 2063 ἦνῗον
1013 2021 1181 2061 magna
1227 2021 1328 2050 cum
1364 2010 1408 2048 vi
1454 2012 1499 2048 et
1537 2008 1759 2047 suavitate

242 2089 322 2127 per
350 2077 500 2127 plures
533 2080 740 2128 strophas
771 2080 961 2129 repetiit,
994 2079 1050 2117 ad
1072 2079 1260 2129 ejusque
1282 2077 1535 2127 exemplum
1559 2087 1607 2116 se
1640 2087 1757 2115 com-

242 2146 394 2196 posuit
424 2145 652 2196 Vergilius
684 2146 759 2188 ecl.
787 2147 835 2187 X.
869 2142 923 2187 19
944 2157 1036 2198 sqq.
1078 2146 1315 2186 Theocrito
1347 2146 1393 2185 in
1424 2146 1509 2185 hoc
1541 2145 1756 2184 orationis

244 2215 389 2253 colore
420 2215 665 2265 praeivisse
697 2215 873 2254 videtur
903 2216 1125 2254 Homerus
1149 2214 1226 2254 Od.
1256 2212 1300 2256 ᾖ.
1331 2209 1418 2254 322
1446 2224 1519 2265 sq„
1552 2213 1751 2263 Vergilio

242 2295 332 2323 non
371 2283 611 2332 Homerus,
654 2284 772 2336 quod
804 2285 979 2335 putavit
1013 2284 1201 2324 Ernesti.
1233 2284 1258 2324 1.
1289 2284 1334 2332 1.,
1378 2283 1456 2324 sed
1489 2282 1753 2323 Theocritus

242 2352 440 2402 praeivit.
505 2353 597 2391 Nec
638 2354 787 2393 minus
835 2354 988 2393 suavis
1028 2357 1097 2393 est
1140 2353 1317 2393 iteratio
1356 2352 1552 2391 nominis
1590 2351 1756 2401 proprii

244 2419 361 2471 apud
391 2424 570 2470 poetam
602 2420 799 2461 Siculum
822 2422 890 2462 111.
911 2419 949 2463 3.
969 2419 1008 2471 4,
1039 2422 1084 2461 id
1117 2422 1236 2473 quod
1265 2420 1492 2471 perspexit
1510 2420 1755 2467 Romanus,

241 2490 318 2541 qui
358 2490 477 2534 hunc
515 2490 663 2529 locum
703 2491 779 2531 ecl.
810 2491 878 2531 IX.
917 2486 983 2531 23.
1014 2487 1081 2532 24.
1119 2490 1321 2529 imitatus
1359 2491 1439 2529 est.
1500 2487 1754 2528 Conceden-

244 2559 350 2597 dum
381 2563 533 2597 tamen
571 2562 658 2605 est,
695 2559 813 2597 hunc
852 2561 1031 2610 saepius
1070 2569 1204 2610 quam
1241 2554 1366 2596 illum
1402 2557 1506 2596 huic
1539 2557 1757 2596 orationis

246 2627 380 2665 colori
430 2627 690 2674 indulsisse,
740 2627 867 2674 cujus
904 2628 968 2666 rei
1010 2626 1213 2676 exempla
1251 2626 1444 2677 plurima
1488 2625 1560 2666 vel
1597 2625 1758 2674 ecloga

335 2782 364 2823 ⁸)
389 2782 583 2815 Accedere
610 2780 721 2815 aliam
747 2790 910 2821 causam,
943 2781 979 2815 in
1006 2791 1050 2816 eo
1074 2781 1250 2825 positam,
1276 2780 1378 2825 quod
1402 2780 1596 2826 Vergilius
1623 2788 1757 2814 versus

245 2838 492 2874 Theocriteos
512 2848 779 2883 nonnunquam
803 2838 841 2872 in
859 2838 1012 2875 brevius
1031 2837 1231 2880 contraxit,
1250 2837 1310 2873 hic
1334 2838 1527 2874 indicasse
1547 2836 1641 2872 satis
1667 2837 1757 2873 erit.

1899 979 1911 987 ,,

1889 1030 1901 1040 ‘r

1880 1081 1903 1102 a

1882 1148 1907 1188 ἷὲ
