1911 3215
842 94 898 142 17

118 214 405 256 Theocritum
452 224 580 255 suam
625 212 819 265 aliquam
868 210 1059 251 amicam
1105 207 1379 259 significare,
1428 209 1473 246 et
1515 206 1623 247 illud

119 294 293 335 quoque
324 283 695 334 reputaverimus,
732 292 822 321 non
854 281 950 319 sine
975 281 1099 328 justa
1131 287 1269 316 causa
1300 277 1393 315 sive
1425 287 1451 314 a
1482 275 1624 314 Theo-

118 352 227 394 crito
258 353 352 393 sive
387 351 442 391 ab
473 350 756 390 Artemidoro
791 349 919 398 juxta
960 356 1060 387 esse
1103 345 1250 397 posita
1294 343 1445 393 idyllia
1474 344 1534 383 III
1581 347 1625 383 et

116 420 195 469 IV,
236 431 349 472 quae
379 423 547 466 tamen,
590 429 746 469 quum,
778 428 856 456 cur
886 427 939 455 eo
972 426 1058 466 quo
1089 414 1310 453 habemus
1341 412 1493 451 ordine
1525 413 1624 451 reli-

118 500 205 541 qua
234 488 431 530 carmina
460 486 673 528 collocata
704 485 803 534 sint,
833 483 1121 536 probabiliter
1154 480 1439 533 explicaverit
1464 481 1624 521 Jacob-

119 558 223 606 sius,
255 559 381 607 cujus
412 557 681 597 sententiam
712 555 862 595 attulit
892 554 1221 593 Wuestemann.
1253 549 1387 602 praef.
1418 561 1457 600 p.
1488 550 1625 588 XXIII

118 638 157 666 n.
188 622 237 675 2.,
268 638 295 665 a
324 626 446 666 nullo
478 626 623 666 adhuc
652 625 846 665 indicata
877 626 963 670 est,
1006 625 1051 662 et
1080 623 1124 661 in
1157 625 1345 671 utroque
1378 619 1626 669 caprarium

118 695 316 745 produci,
357 695 432 746 qui
462 694 782 745 Amaryllidem
811 696 888 733 aut
917 691 1082 732 habeat
1112 693 1189 730 aut
1219 689 1425 729 habuerit
1465 688 1510 727 in
1552 688 1625 727 de-

119 763 251 802 liciis:
285 763 396 803 haee
427 763 575 802 omnia
607 763 645 802 si
676 760 1118 807 consideraverimus,
1149 769 1239 798 non
1270 759 1431 797 mirum
1458 757 1625 796 videbi-

119 834 208 881 tur,
250 832 288 873 si
318 833 429 873 haee
459 833 710 882 conjecero,
756 842 845 872 non
875 834 994 871 recte
1035 828 1322 869 scholiastam
1353 848 1409 853 ——
1440 827 1495 866 ab
1535 837 1624 866 uno

122 904 270 940 autem
303 901 452 940 omnia
482 912 595 952 quae
631 901 758 939 attuli
797 900 978 938 fluxisse
1018 901 1124 947 puto
1155 917 1212 922 —-
1244 897 1318 947 qui
1360 907 1463 934 eum
1503 899 1625 934 ante-

120 972 368 1016 cesserunt,
418 968 774 1018 reprehendisse,
826 967 905 1006 sed
949 966 1013 1005 sic
1055 966 1205 1015 potius
1256 963 1623 1003 existimandum:

115 1038 287 1087 primum
306 1036 591 1075 Theocritum
621 1038 801 1086 propter
830 1034 875 1073 id
902 1034 1060 1084 ipsum,
1092 1032 1209 1084 quod
1233 1032 1372 1071 simus
1395 1030 1487 1079 fuit,
1518 1042 1544 1070 a
1564 1031 1627 1070 vi—

119 1101 271 1151 trico*)
292 1115 371 1154 per
394 1104 547 1153 jocum
580 1107 623 1143 et
654 1103 922 1154 appellatum
954 1112 1054 1142 esse
1086 1101 1140 1140 ab
1164 1100 1319 1140 amicis
1343 1103 1386 1139 et
1406 1100 1554 1150 ipsum
1576 1109 1624 1139 se

120 1172 368 1222 appellasse
407 1172 714 1222 Simichidam3
761 1173 892 1213 deznde
931 1172 976 1211 in
1021 1170 1173 1220 idyllio
1205 1171 1264 1209 III
1310 1170 1392 1209 sub
1440 1170 1626 1219 caprarii

122 1241 302 1281 nomine
341 1245 536 1292 poetam,
582 1242 770 1281 amicam
816 1242 912 1290 ejus
958 1240 1039 1280 sub
1071 1239 1358 1290 Amaryllidis
1405 1237 1627 1289 latere**);

121 1310 278 1362 denique
309 1311 499 1351 eundem
530 1311 574 1350 in
606 1311 757 1360 idyllio
789 1310 849 1349 IV
880 1309 1113 1360 Aegonem
1146 1309 1252 1349 olim
1293 1308 1477 1347 rivalem
1511 1310 1627 1357 ejus-

121 1389 206 1428 que
244 1382 415 1428 patrem
457 1380 539 1418 sub
579 1380 698 1418 Batti
737 1379 918 1417 nomine
969 1378 1273 1428 castigavisse.
1334 1378 1457 1416 Haec
1506 1378 1625 1416 enim

119 1449 213 1485 tam
244 1449 338 1486 arte
369 1446 489 1486 aliud
520 1458 574 1486 ex
605 1446 691 1486 alio
723 1449 826 1496 apta
856 1449 901 1486 et
931 1456 1152 1496 suspensa
1183 1449 1297 1493 sunt,
1329 1448 1387 1493 ut,
1419 1446 1457 1484 si
1488 1457 1625 1485 unum

123 1515 418 1563 concesseris,
468 1526 524 1554 ne
565 1515 735 1566 reliqua
778 1514 956 1565 quidem
995 1525 1075 1564 pro
1116 1514 1240 1553 falsis
1273 1514 1438 1553 habere
1468 1515 1629 1564 possis.

123 1582 323 1633 Cognata
354 1586 468 1631 sunt,
500 1594 614 1634 quae
651 1582 922 1622 Fritzschius
953 1595 992 1633 p.
1024 1577 1080 1622 28
1110 1582 1258 1622 attulit
1289 1594 1342 1621 ex
1372 1582 1427 1622 id.
1458 1583 1530 1623 IV.
1561 1579 1627 1623 20.

122 1651 231 1691 XIV.
262 1647 312 1701 5;
359 1664 464 1691 nam
495 1652 556 1690 ibi
588 1652 683 1690 sine
715 1651 850 1691 dubio
883 1652 1000 1690 illius
1032 1651 1192 1690 aetatis
1224 1652 1430 1690 homines
1472 1655 1628 1691 notan-

123 1722 204 1759 tur.
253 1720 343 1759 Nee
374 1720 428 1759 id.
449 1721 508 1758 XI
535 1723 579 1759 et
598 1721 697 1759 XIII
726 1720 820 1759 veri
852 1720 1067 1759 dissimile
1100 1730 1200 1759 esse
1231 1723 1338 1769 puto
1367 1720 1528 1758 'leviter
1556 1721 1629 1759 Ni-

124 1787 218 1826 ciae
250 1797 424 1827 amores
454 1788 714 1838 perstringi,
763 1788 978 1839 tangique
1012 1798 1114 1827 eum
1146 1787 1372 1827 nonnullis
1411 1788 1630 1837 versibus,

124 1862 174 1894 ut
202 1856 270 1895 XI.
303 1852 367 1896 11.
397 1852 464 1897 72.
493 1851 560 1896 81.
619 1857 727 1896 ΧΙΙΙ.
760 1853 782 1896 1
817 1866 909 1908 sqq.
940 1851 997 1895 66
1028 1867 1111 1908 sq.,
1163 1857 1273 1896 mihi
1314 1857 1492 1908 quidem
1533 1869 1630 1907 per-

124 1927 363 1964 suaserunt
402 1924 673 1964 Fritzschius
713 1924 738 1964 l.
768 1924 794 1965 1.
836 1927 880 1964 et
919 1925 1142 1965 Haulerus
1183 1937 1222 1976 p.
1255 1922 1319 1965 11.
1379 1925 1543 1965 Mirum
1584 1926 1629 1965 in

123 1993 305 2033 modum
345 1994 390 2033 in
430 1994 582 2044 idyllio
621 1994 703 2033 VII
747 1997 900 2045 aperta
950 2006 1051 2034 cum
1100 1995 1214 2034 fictis
1267 2005 1466 2034 connexa
1515 1999 1630 2035 sunt.

62 2116 65 2118 ‚
123 2061 254 2102 Veris
286 2062 540 2103 nominibus
581 2063 626 2102 in
673 2074 725 2102 eo
769 2063 1072 2113 producuntur
1101 2063 1266 2104 Aratus
1312 2075 1413 2103 cum
1443 2065 1630 2112 Philino,

123 2134 436 2180 praeceptores
467 2131 663 2171 Philetas
706 2134 750 2170 et
778 2131 1090 2182 Asclepiades,
1135 2133 1207 2172 hic
1229 2136 1397 2187 'tamen
1440 2145 1466 2172 a
1505 2137 1631 2184 patre

218 2251 248 2294 *)
275 2251 321 2285 cf.
345 2250 497 2285 Hauler.
522 2262 557 2294 p.
583 2252 613 2285 6.
654 2251 738 2285 Non
763 2262 894 2287 verum
919 2256 989 2293 est,
1017 2252 1119 2296 quod
1143 2253 1196 2286 ibi
1220 2253 1498 2296 pronuntiavit,
1525 2253 1631 2287 testi-

125 2308 300 2349 monium,
327 2307 428 2352 quod
453 2309 575 2342 exstat
601 2308 714 2343 schol.
742 2307 824 2342 VII.
848 2310 912 2350 21,
954 2312 1041 2344 ante
1067 2320 1107 2344 se
1134 2309 1347 2355 neglectum
1371 2310 1508 2352 fuisse;
1546 2322 1631 2345 nam

128 2366 277 2401 dixerat
302 2365 348 2400 de
375 2376 419 2399 eo
444 2364 584 2399 Ameis.
609 2365 705 2400 Adn.
731 2377 767 2409 p.
793 2366 847 2400 39.

216 2422 262 2466 **)
287 2422 394 2459 Hanc
413 2423 605 2459 Theocriti
630 2422 785 2458 amicam
812 2434 856 2459 ex
880 2423 990 2458 Italia
1008 2424 1188 2459 inferiore
1208 2428 1330 2460 ortam
1349 2426 1479 2468 fuisse,
1507 2430 1633 2461 osten-

128 2480 183 2514 dit
208 2483 246 2515 et
270 2480 391 2524 idyllii
416 2481 542 2524 quarti
567 2492 679 2515 scena
704 2483 741 2515 et
767 2481 1003 2525 quae-schol.
1030 2482 1182 2516 exhibet
1219 2494 1299 2527 arg.
1325 2484 1374 2517 id.
1399 2484 1473 2518 III:
1511 2483 1556 2520 τὰ
1592 2483 1632 2520 δὲ

126 2534 313 2584 πράγματα
346 2538 401 2583 εἴη
432 2533 471 2574 ἄν
504 2537 559 2574 ἐπὶ
586 2534 739 2579 Ἰταλίας
769 2538 847 2584 περὶ
877 2536 1065 2585 Κρότωνα,
1101 2535 1180 2577 ’ὅθεν
1212 2541 1271 2577 καὶ
1304 2540 1367 2586 τὴν
1391 2537 1633 2587 Ἀμαρυλλίδα

126 2591 336 2630 ὑποτίθεται.
383 2594 476 2630 Inde
509 2595 676 2640 judicari
711 2595 839 2636 velim,
879 2606 976 2639 quae
1014 2596 1169 2641 scripsit
1199 2597 1351 2632 Hauler.
1377 2611 1411 2642 p.
1435 2600 1490 2633 49.
1539 2598 1634 2632 Nam

127 2650 389 2696 praejudicata
425 2652 600 2697 opinione
639 2655 837 2698 abreptus,
875 2653 1052 2698 quoniam
1087 2654 1137 2691 id.
1174 2654 1202 2691 I.
1236 2655 1299 2689 VI.
1332 2655 1386 2690 IX
1424 2655 1554 2691 suavia
1590 2668 1634 2692 ac

125 2706 269 2751 tenera,
295 2709 344 2743 id.
370 2708 434 2743 IV.
452 2710 487 2744 V
504 2711 648 2747 rustica
674 2715 712 2746 et
737 2711 906 2756 agrestia
930 2722 1017 2746 esse
1042 2712 1149 2753 vidit,
1186 2713 1300 2747 etiam
1324 2714 1373 2747 id.
1392 2713 1448 2748 ΙΙΙ
1471 2713 1633 2755 Siciliae,

127 2766 176 2802 id.
202 2766 238 2801 X
261 2766 394 2802 Italiae
419 2767 661 2803 tribuendum
687 2779 772 2804 esse
797 2769 955 2813 putavit.
1004 2770 1125 2813 Quem
1151 2781 1217 2806 eur
1241 2780 1314 2805 non
1341 2782 1404 2812 ea,
1430 2782 1527 2816 quae
1552 2772 1635 2817 ipse

128 2825 222 2860 dixit
246 2837 281 2870 p.
302 2826 356 2867 15,
379 2825 419 2860 in
444 2834 572 2860 veram
596 2826 696 2862 viam
721 2826 980 2872 perduxerint,
1008 2831 1068 2863 est
1093 2839 1195 2871 sane,
1223 2829 1324 2874 quod
1344 2829 1456 2865 valde
1475 2830 1637 2866 mireris.

1336 2889 1359 2924 2
