1911 3215
905 78 962 122 74

177 202 223 240 in
254 210 392 240 unum
424 208 585 249 corpus
612 197 809 248 collegit,
852 207 994 248 usque
1024 196 1081 235 ad
1111 196 1299 246 Vergilii
1339 199 1533 236 aetatem
1574 197 1686 236 nihil

176 270 222 310 in
262 269 318 310 iis
359 267 589 308 turbatum
620 276 732 307 esse.
793 265 923 306 Certe
953 275 1043 304 non
1073 268 1193 305 recte
1226 265 1388 316 egerit,
1430 265 1468 305 si
1500 265 1599 317 quis
1631 276 1686 306 ex

179 338 255 377 ecl.
296 337 366 376 111.
395 330 569 375 80-—84
599 335 693 374 coll.
744 345 845 373 cum
895 333 951 374 id.
991 333 1104 373 VIII.
1143 344 1182 372 V.
1213 328 1385 372 57-60
1434 333 1684 382 conjecerit,

176 405 428 457 Vergilium
459 414 559 445 eam
591 403 839 454 stropham,
883 413 996 455 quae
1029 401 1190 442 excidit
1220 404 1324 442 ante
1354 411 1513 442 versus
1543 401 1686 444 Theo·

179 474 361 522 criteos,
404 473 448 511 in
490 472 639 512 codice
678 482 760 511 suo
800 471 1039 511 invenisse.
1099 471 1210 509 Nam
1249 470 1335 509 alio
1376 471 1474 510 loco
1506 470 1687 510 demon-

182 543 343 591 strabo,
374 544 555 593 poetam
585 541 836 580 Romanum
868 551 1002 591 saepe
1033 539 1107 588 iiS‚
1150 550 1264 593 quae
1305 539 1359 579 ab
1401 542 1582 580 auctore
1613 539 1686 580 de-

180 613 468 663 prompserat,
500 609 554 648 de
586 619 668 648 suo
700 608 920 660 quaedam
950 608 1023 647 vel
1052 608 1279 648 addidisse
1309 608 1380 647 vel
1412 609 1687 659 opposuisse.

289 681 519 719 Post-remo
570 676 1008 717 commemorandum
1053 680 1123 717 est
1151 676 1403 728 Vergilium
1442 677 1487 717 in
1529 677 1686 729 ecloga

176 749 258 789 VII
289 748 425 788 nimia
474 746 665 787 fortasse
707 757 807 785 cum
858 745 1089 796 diligentia
1120 755 1320 793 curasse,
1371 748 1420 784 ut
1451 746 1683 797 Thyrsidis

177 817 385 868 strophae
406 815 561 863 fastus,
581 814 874 864 arrogantiae,
889 814 1150 854 rusticitatis
1171 814 1330 865 plenae
1350 817 1513 863 essent,
1532 818 1686 855 contra

177 884 419 935 Corydonis
442 886 599 923 cantus
632 883 862 930 modestia,
894 883 1189 932 simplicitate,
1221 883 1441 921 suavitate
1463 894 1685 922 commen-

176 954 367 994 daretur.
398 951 462 991 Ac
480 951 635 991 debuit
648 953 782 1001 poeta
801 950 918 990 hanc
936 961 1111 991 morum
1130 951 1434 991 diversitatem
1450 954 1685 1002 propterea

175 1024 220 1062 in
253 1024 433 1061 cantum
465 1020 613 1070 ipsum
643 1018 826 1067 inferre,
875 1019 1013 1071 quod,
1058 1019 1176 1058 unde
1218 1023 1443 1060 certamen
1485 1023 1687 1059 exortum

178 1092 318 1137 esset,
349 1089 395 1128 in
424 1087 630 1127 versibus
652 1080 938 1138 'antegressis
970 1088 1221 1128 accuratius
1254 1088 1503 1127 describere
1535 1088 1686 1128 noluit.

175 1158 374 1203 Eandem
405 1156 574 1207 ingenii
606 1156 949 1207 discrepantiam
979 1176 1036 1183 —
1065 1168 1170 1197 nam
1209 1167 1298 1195 non
1330 1167 1480 1196 moror
1509 1157 1685 1197 Werns-

175 1229 374 1276 dorfium,
406 1226 490 1279 qui,
523 1237 660 1278 quum
681 1225 929 1266 rectissime
949 1237 987 1276 p.
1010 1221 1065 1265 25
1088 1236 1150 1278 sq.
1180 1225 1235 1265 de
1257 1225 1414 1276 ecloga
1435 1228 1594 1267 octava
1615 1237 1686 1266 ex-

172 1295 412 1349 plicaverit,
445 1298 598 1334 contra
628 1296 788 1344 poetae
818 1294 1051 1335 consilium
1071 1307 1109 1345 p.
1131 1291 1188 1335 24
1209 1305 1272 1346 sq.
1303 1294 1548 1334 Damoetae
1578 1306 1685 1346 prae

172 1364 378 1405 Menalca
416 1362 657 1403 favendum
698 1362 969 1402 existimavit
996 1383 1054 1389 —
1083 1362 1313 1414 Vergilius
1354 1362 1399 1402 in
1441 1363 1597 1414 ecloga
1627 1364 1686 1403 III

172 1434 335 1473 idcirco
377 1432 632 1482 significare
674 1442 764 1470 non
805 1441 993 1470 necesse
1032 1431 1208 1478 habuit,
1250 1432 1353 1483 quia
1391 1436 1597 1482 pastores
1629 1432 1684 1470 ab

174 1502 338 1543 arbitro
368 1510 500 1552 pares
531 1498 808 1551 pronuntiari
839 1499 990 1539 voluit.

591 1818 862 1891 caput
912 1805 1265 1878 sextufin.

250 1991 545 2032 monstretur
574 1989 771 2040 que-ede
800 1988 1042 2030 intellexerit
1070 1988 1264 2041 Vei-gilles
1294 1988 1454 2029 Theeer.
1486 1989 1540 2029 id.
1573 1991 1600 2029 Ι.

770 2070 843 2098 vss.
875 2057 1083 2098 64—104.

285 2163 534 2215 Daphnidis
564 2162 771 2209 fabulam,
805 2162 949 2213 qualis
972 2162 1235 2202 describitur
1263 2173 1290 2201 a
1311 2162 1546 2202 Theocrito
1576 2163 1632 2203 id.
1653 2164 1682 2203 Ι.

171 2242 254 2273 vss.
291 2227 521 2278 64—104,
569 2230 798 2282 intellectu
839 2240 939 2270 esse
980 2230 1303 2273 difficillimam,
1354 2234 1530 2271 constat
1569 2231 1684 2271 inter

143 2334 145 2336 .
171 2312 339 2342 omnes.
400 2300 525 2352 Quae
558 2299 738 2353 quidem
770 2298 1017 2348 difficultas,
1050 2310 1188 2352 quum
1220 2299 1470 2351 coepissem
1500 2300 1546 2341 in
1575 2300 1684 2341 Ver-

172 2370 364 2422 gilianas
395 2370 621 2410 Theocriti
660 2369 932 2409 imitationes
973 2369 1224 2409 accuratius
1265 2369 1510 2420 inquirere,
1550 2369 1684 2408 vehe-

172 2442 348 2481 menter
377 2450 450 2478 me
472 2438 621 2485 movit,
651 2441 719 2486 ut,
751 2449 859 2478 num
881 2437 984 2490 quid
1018 2437 1073 2477 ad
1103 2449 1260 2478 verum
1281 2438 1377 2485 ejus
1408 2437 1683 2477 intellectum

171 2520 195 2548 e
225 2510 389 2560 poetae
409 2506 598 2547 Romani
630 2505 797 2556 eclogis
829 2505 1019 2545 conferri
1049 2508 1214 2557 posset,
1246 2504 1518 2556 investigare
1549 2509 1683 2557 atque

171 2577 400 2629 explorare
433 2573 673 2616 studerem.
733 2572 881 2626 Atque
918 2574 1003 2614 hac
1034 2573 1088 2613 de
1130 2584 1176 2612 re
1210 2584 1343 2625 quum
1380 2573 1475 2623 jam
1517 2578 1682 2615 certam

170 2696 274 2741 quod
298 2694 337 2729 id
362 2694 614 2740 epigramma,
652 2691 756 2736 quod
780 2700 824 2724 ex
849 2692 998 2738 vulgari
1024 2691 1157 2727 ordine
1183 2695 1241 2726 est
1266 2692 1485 2728 vicesimum
1510 2693 1682 2732 alterum,

168 2753 268 2789 iuter
293 2752 408 2788 dubia
434 2754 471 2788 et
491 2749 622 2796 spuria
647 2747 794 2793 rejecit.
818 2747 877 2784 De
897 2750 1030 2785 eodem
1049 2759 1171 2794 nuper
1196 2749 1379 2786 disseruit
1404 2750 1519 2786 etiam
1531 2750 1683 2785 Hauler.

167 2822 202 2856 p.
229 2811 272 2845 57
298 2821 354 2855 sq.
381 2809 465 2846 coll.
490 2820 526 2853 p.
552 2809 592 2843 31
622 2818 707 2852 sqq.
