1911 3215
4 1091 29 1210 -⁴1l‹22⁵ss33?325—
9 1011 33 1085 34“.⁴⁴f.'7
11 982 35 997 θ]-
9 954 27 964 χ

821 119 879 162 37

96 243 239 293 prima
280 241 475 293 praebet.
547 241 706 279 Restat
757 249 918 285 unum,
971 234 1089 287 quod
1129 237 1380 273 memoratu
1423 233 1610 283 dignum

97 309 283 350 videtur.
352 307 484 359 Apud
521 306 807 347 Theocritum
855 312 1179 355 nonnunquam
1217 304 1262 340 et
1306 302 1351 340 in
1393 301 1609 351 principio

100 381 145 418 et
180 379 225 418 in
262 379 349 417 fine
387 377 525 416 totius
568 378 645 414 aut
690 373 938 413 cantilenae
977 375 1056 412 aut
1098 380 1311 410 versuum
1351 369 1609 419 complexus

100 447 256 487 eadem
293 444 511 485 vocabula
547 442 840 492 reperiuntur.
899 440 1012 481 Vide
1049 440 1105 480 id.
1142 440 1190 479 X.
1227 433 1285 478 26
1321 440 1366 476 et
1404 433 1471 478 36.
1517 437 1610 476 VII.

99 510 165 555 52.
196 510 261 553 61.
294 508 361 552 83.
393 507 468 559 89,
507 510 668 562 quibus
699 505 812 549 locis'
841 510 1021 559 cognati
1053 510 1159 547 sunt
1189 507 1244 546 id.
1267 506 1315 545 II.
1346 501 1384 544 3.
1418 500 1482 544 10.
1518 505 1610 543 VII.

101 576 193 622 148.
217 576 309 622 154.
350 581 465 620 Hinc
496 579 756 630 deprompta
787 580 893 617 sunt
914 588 1027 629 quae
1060 576 1222 616 similia
1252 575 1467 625 leguntur
1493 573 1610 624 apud

98 653 279 703 poetam
299 650 548 689 Romanum
580 647 656 687 ecl.
687 647 756 687 IX.
777 642 844 687 39.
865 642 932 686 43.
962 641 1028 686 46.
1060 640 1125 685 50.
1179 644 1289 683 VIII.
1320 640 1355 683 1.
1386 638 1424 682 5.
1455 636 1522 681 85.
1543 635 1609 688 89,

101 719 366 772 quibuscum
416 716 466 757 cf.
515 717 591 756 ecl.
626 716 655 756 I.
696 711 764 756 47.
804 711 871 756 52.
956 715 1104 765 Quare
1156 713 1306 752 mirari
1356 711 1468 751 satis
1518 720 1609 749 non

98 788 243 839 potui,
276 797 413 838 quum
443 785 714 825 Ahrensium
751 783 1036 835 stropharum
1069 792 1206 823 causa
1236 801 1290 806 ——
1324 780 1458 819 aliam
1490 779 1610 819 enim

101 856 373 906 investigare
404 854 571 894 nullam
600 854 725 904 potui
746 873 803 880 —
823 853 878 893 id.
910 853 1001 893 VII.
1029 864 1068 893 v.
1090 847 1144 891 61
1178 851 1366 900 ejecisse
1397 849 1608 888 viderem.

99 926 238 965 Poeta
269 923 387 963 enim
410 923 619 975 quoniam
649 923 695 961 in
725 922 810 961 hoc
840 921 992 972 idyllio
1013 920 1162 973 paullo
1186 919 1320 959 altius
1352 917 1607 965 assurrexit,

102 992 444 1042 diligentissime
467 1001 581 1041 quae
601 991 689 1029 huc
719 990 887 1029 faciunt
907 989 1201 1039 amplexanda
1234 991 1278 1025 et
1301 986 1608 1026 conservanda

57 1097 60 1101 ,
104 1059 321 1099 existimo,
381 1058 503 1097 Idem
534 1059 683 1097 autem
731 1056 932 1107 idyllium
980 1058 1115 1108 poeta
1144 1055 1375 1095 Romanus
1423 1054 1466 1094 in
1515 1055 1611 1092 tota

100 1138 290 1177 poeseos
332 1126 479 1166 indole
517 1124 705 1176 pariter
723 1129 856 1176 atque
900 1126 945 1163 in
984 1125 1131 1163 colore
1175 1123 1365 1174 singulis
1402 1123 1609 1162 versibus

102 1195 305 1236 addendo
337 1195 637 1245 maximopere
669 1196 771 1233 ante
804 1193 957 1233 oculos
988 1192 1155 1233 habuit.

215 1263 254 1305 A
296 1263 430 1302 variis
474 1263 544 1301 his
587 1262 900 1312 repetitionum
943 1261 1185 1312 generibus
1229 1222 1609 1311 progrediendum

102 1337 171 1373 est
201 1332 257 1372 ad
288 1343 387 1371 eam
418 1343 523 1378 rem,
555 1342 669 1383 quae
701 1331 858 1370 intima
890 1331 1157 1380 cognatione
1190 1341 1292 1369 cum
1324 1330 1378 1368 iis
1411 1329 1609 1369 contine-

104 1405 175 1440 tur
205 1411 255 1438 ac
284 1410 338 1437 ne
369 1398 516 1437 divelli
548 1398 726 1449 quidem
757 1397 982 1446 interdum
1013 1400 1179 1447 potest,
1212 1397 1267 1436 ad
1299 1410 1484 1437 vers-num
1514 1409 1605 1437 con-

101 1471 330 1508 cmm’tatem.
393 1466 549 1517 Atque,
591 1468 638 1504 ut
677 1477 703 1504 a
733 1465 974 1505 levioribus
1005 1466 1233 1515 incipiam,
1275 1476 1409 1515 saepe
1441 1465 1608 1516 singuli

101 1545 270 1583 versuS,
302 1545 570 1586 quamquam
602 1544 688 1573 non
721 1533 908 1573 iteratur
938 1533 1117 1586 aliquod
1148 1533 1425 1582 vocabulum,
1455 1537 1608 1574 tamen

103 1603 323 1644 sententia
358 1603 455 1653 ipsa
492 1603 537 1641 in
575 1602 686 1641 duas
723 1605 873 1652 partes
910 1603 1121 1654 aequales
1157 1603 1480 1642 discernuntur.
1549 1602 1607 1642 Cf.

102 1673 282 1712 Theocr.
311 1671 382 1711 iv.
410 1666 474 1709 55.
524 1660 593 1710 v1'.
622 1666 690 1710 45.
740 1671 787 1710 x.
821 1667 885 1711 11.
918 1667 982 1711 13.
1031 1671 1122 1711 xv.
1155 1668 1246 1710 144.
1298 1671 1409 1711 xvi.
1443 1666 1506 1711 19.
1538 1667 1607 1719 20,

103 1750 371 1793 quamquam
402 1739 473 1779 VI.
502 1735 558 1778 45
590 1739 753 1779 etXV.
785 1735 866 1778 144
909 1743 1126 1790 cognatae
1159 1739 1500 1791 significationis
1531 1750 1606 1780 vo-

101 1809 259 1849 cabula
288 1808 433 1858 posita
463 1810 577 1854 sunt,
608 1806 791 1854 (Mosch.
815 1808 842 1847 Ι.
873 1804 910 1847 5.
944 1805 1007 1848 12.
1031 1805 1100 1855 15)
1134 1812 1179 1848 et
1201 1809 1349 1859 Vergl.
1372 1809 1420 1848 ΙΙ.
1454 1803 1519 1848 18.
1540 1804 1607 1848 53.

101 1876 169 1916 111.
199 1870 265 1916 58.
324 1876 395 1915 IV.
425 1870 491 1916 57.
550 1875 598 1914 X.
628 1869 665 1914 8.
726 1875 897 1915 Deinde
941 1880 985 1916 et
1023 1877 1247 1917 Theocriti
1290 1881 1335 1917 et
1370 1878 1607 1918 imitatoris

102 1944 288 1994 Vergilii
327 1944 477 1994 poesis
508 1943 699 1982 maxime
740 1955 793 1983 eo
825 1945 1066 1995 conspicua
1096 1950 1184 1993 est,
1226 1946 1344 1997 quod
1385 1957 1474 1986 non
1507 1957 1607 1985 raro

101 2022 180 2063 per
207 2012 399 2062 plurium
429 2023 638 2052 versuum
671 2012 1021 2062 complexionem
1053 2025 1106 2053 ea
1136 2014 1361 2053 invenitur
1391 2014 1607 2054 orationis

102 2080 380 2130 symmetria,
429 2083 477 2119 ut
516 2080 546 2119 ii
587 2080 822 2119 sententiis
863 2084 928 2128 et,
980 2082 1126 2133 quoad
1174 2083 1271 2131 ejus
1311 2083 1407 2121 ficri
1447 2086 1609 2133 potest,

103 2148 237 2187 etiam
260 2148 408 2188 verbis
439 2148 670 2198 aptissime
700 2148 817 2188 inter
839 2159 887 2189 se
918 2151 1227 2201 respondeant.
1268 2152 1395 2191 Hanc
1415 2152 1609 2201 partium

101 2215 461 2266 aequabilitatem
503 2228 639 2267 quum
680 2216 833 2256 sedem
874 2221 1103 2270 tamquam
1143 2219 1363 2269 propriam
1396 2219 1441 2258 in
1474 2223 1607 2259 cantu

104 2284 346 2323 amoebaeo
366 2284 532 2323 habere
550 2285 923 2326 demonstraverit
947 2288 1205 2326 Zetzschius
1228 2288 1272 2326 in
1291 2288 1607 2327 dissertatione

102 2352 171 2391 cui
202 2352 473 2392 inscribitur:
515 2352 790 2400 „Secundum
823 2355 1169 2394 amoebaeorum
1202 2356 1448 2399 carminum
1480 2357 1606 2407 leges

102 2420 247 2460 denuo
279 2421 323 2460 in
355 2432 539 2461 examen
571 2425 757 2461 vocatur
795 2422 920 2462 locus
951 2423 1134 2463 Theocr.
1165 2424 1225 2464 Id.
1248 2425 1359 2464 VIII.
1390 2421 1607 2464 33—60“

100 2498 139 2536 p.
170 2483 328 2541 8sqq.,
380 2491 474 2529 tum
520 2489 706 2529 inveniri
748 2490 863 2540 apud
905 2490 1191 2532 Theocritum
1237 2494 1372 2533 etiam
1418 2494 1463 2533 in
1507 2493 1606 2533 aliis

99 2554 208 2593 locis
238 2557 481 2605 permultis,
513 2569 566 2597 ea
597 2558 849 2605 ostendunt,
881 2571 995 2610 quae
1028 2560 1209 2611 collegit
1230 2562 1502 2601 Fritzschius
1535 2562 1606 2601 l.1.

100 2633 138 2672 p.
168 2617 277 2668 23*).
338 2625 491 2675 Itaque
523 2626 740 2677 reliquum
773 2629 851 2673 est,
884 2630 932 2666 ut
962 2639 1040 2668 eos
1071 2640 1227 2668 versus
1261 2640 1528 2675 enumerem,
1561 2630 1607 2669 in

186 2776 221 2819 ³¹)
253 2776 403 2820 Quanta
432 2778 575 2815 utilitas
609 2792 653 2816 ex
685 2782 796 2826 hujus
827 2782 925 2827 legis
962 2783 1229 2819 observatione
1266 2783 1313 2817 ad
1350 2784 1609 2820 emendandos

103 2831 297 2868 Theocriti
314 2843 448 2869 versus
464 2836 665 2880 redundet,
684 2840 909 2876 documento
933 2844 992 2876 est
1009 2840 1269 2876 recentissima
1283 2841 1461 2877 Ahrensii
1480 2841 1609 2880 editio.
