1911 3215
0 661 17 717 fam-z.
0 630 18 656 a·
7 606 18 619 A.
8 596 10 598 -
0 547 12 588 πω*

3 1021 11 1026 j
4 987 10 1003 «Α.
4 958 14 972 2„
0 876 14 951 assam.»

857 104 913 154 23

132 220 186 260 de
218 221 301 261 hac
330 232 377 261 re
408 222 669 272 Quintiliani
693 223 912 272 judicium
943 224 988 262 in
1028 223 1171 274 primo
1213 222 1357 273 capite
1397 222 1638 271 laudatum,

131 290 201 331 cui
231 291 343 332 adde
374 302 489 344 quae
520 290 742 343 Spohnius
774 292 828 333 de
861 292 1046 333 consilio
1077 293 1239 343 poetae
1271 291 1420 331 animo
1462 291 1537 331 ecl.
1568 292 1638 332 ΙΙΙ.

129 354 185 399 84
224 370 315 412 sqq.
356 360 591 400 obversato
632 360 915 400 laudabiliter
956 360 1161 412 exposuit
1200 359 1246 398 in
1288 359 1639 410 Prolegomenis.

128 428 311 469 Maximi
341 432 491 469 autem
521 429 737 469 momenti
769 432 854 479 est,
897 429 1014 482 quod
1047 440 1101 470 ex
1132 429 1229 479 ejus
1261 428 1382 472 modi
1412 428 1545 469 rebus
1576 427 1637 468 fa-

129 498 210 537 cile
240 497 514 548 intelligitur,
542 509 596 537 ex
627 501 759 538 cantu
789 499 1045 546 amoebaeo,
1078 498 1222 550 qualis
1249 498 1367 548 apud
1387 498 1637 547 Vergilium

128 565 379 614 exhibetur,
425 566 479 606 de
510 566 687 617 legibus
729 579 756 607 a
786 567 1021 608 Theocrito
1062 567 1311 608 observatis
1352 565 1464 606 nihil
1503 576 1637 616 posse

128 632 340 673 concludi.
390 632 537 685 Atque
569 634 679 673 haec
710 636 860 675 omnia
892 647 1028 687 quum
1052 638 1281 687 tamquam
1303 634 1477 674 radices
1499 638 1638 685 agant

127 702 172 741 in
192 702 415 741 Theocriti
447 703 726 752 carminibus,
759 704 812 743 de
843 704 1025 755 reliquis
1054 703 1173 743 idem
1200 703 1285 743 dici
1306 703 1455 743 minus
1476 705 1636 754 potest.

125 769 341 809 Nimirum
384 770 500 810 vitae
546 771 804 811 condicione
851 774 1030 812 coactus
1076 782 1242 812 novum
1291 781 1436 822 genus
1476 771 1636 812 Musae

127 839 352 878 bucolicae
385 839 595 888 condidit,
636 851 722 892 quo
751 841 976 891 pertinent
1007 841 1083 881 ecl.
1115 841 1143 881 Ι.
1175 840 1245 880 IV.
1279 841 1330 881 V.
1361 841 1428 880 IX.
1490 841 1634 893 thue

127 907 387 956 concedam,
427 910 628 958 poetam,
676 911 726 947 ut
766 919 815 948 se
856 909 933 949 ecl.
965 910 1006 947 V
1038 912 1082 949 et
1112 910 1171 948 IX
1209 909 1462 957 Menalcae,
1509 909 1586 949 ecl.
1618 911 1635 948 I

128 976 267 1027 Tityri
302 975 483 1016 nomine
520 973 587 1023 (cf.
618 976 890 1027 Wagnerum
928 977 984 1017 ad
1020 988 1057 1018 v.
1093 973 1165 1026 43)
1206 978 1499 1029 significaret,
1538 989 1635 1029 per-

128 1047 299 1083 motum
328 1043 518 1083 fortasse
551 1053 651 1083 esse
682 1038 835 1093 idyllio
866 1045 1060 1085 auctoris
1091 1045 1161 1085 sui
1201 1045 1392 1096 septimo
1434 1046 1635 1098 adeoque

126 1113 172 1153 in
204 1111 422 1162 captanda
447 1110 672 1152 fautorum
692 1112 1005 1154 benevolentia
1026 1114 1304 1166 agendisque
1326 1115 1484 1166 gratiis
1501 1116 1634 1166 paulo

124 1180 334 1233 pinguius
366 1179 420 1219 id.
451 1179 552 1219 XIV
591 1180 813 1221 imitatum
857 1192 977 1231 esse,
1024 1184 1176 1223 tamen
1218 1183 1456 1236 praecipue
1488 1182 1633 1224 Asinii

127 1249 242 1290 Galli
288 1246 382 1297 (ecl.
423 1246 499 1296 VI)
547 1251 590 1289 et
634 1250 836 1291 Caesaris
885 1251 1040 1292 laudes
1092 1249 1185 1301 (ecl.
1232 1251 1288 1301 V)
1336 1264 1362 1292 a
1407 1252 1632 1293 Theocriti

124 1318 255 1357 Musa
284 1327 466 1368 prorsus
498 1318 670 1358 alienae
702 1322 815 1359 sunt.
867 1320 1072 1360 Ceterum
1104 1321 1159 1361 de
1184 1321 1425 1373 allegorica
1447 1321 1633 1373 eclogae

124 1386 305 1438 quintae
335 1386 701 1437 interpretatione
730 1390 907 1439 praeter
935 1389 1202 1440 interpretes
1235 1390 1285 1430 cf.
1315 1391 1527 1432 Klausen.
1557 1390 1629 1431 1.1.

123 1466 161 1505 p.
192 1448 277 1493 530
307 1464 399 1506 sqq.

670 1592 1084 1600 ——...———

467 1728 786 1802 caput
836 1730 1278 1792 tertium.

534 1886 586 1926 lle
617 1885 821 1938 utriusque
851 1890 989 1942 poetae
1020 1901 1211 1932 sermone.

235 2002 364 2054 Apud
394 2003 587 2043 Probum
620 2002 673 2055 (p.
704 1999 790 2043 348
821 2005 886 2046 ed.
916 2005 1057 2055 Lion.)
1096 2007 1209 2048 haec
1249 2009 1479 2061 leguntur:
1521 2009 1629 2059 „Bu-

65 2120 67 2123 .
122 2073 261 2113 colica
291 2073 553 2113 Theocritus
583 2072 755 2113 facilius
787 2075 961 2115 videtur
991 2075 1163 2125 fecisse,
1197 2079 1407 2130 quoniam
1430 2079 1629 2120 Graecus

121 2150 267 2179 sermo
308 2141 372 2180 sic
411 2141 587 2181 videtur
627 2142 817 2191 divisus,
867 2147 913 2183 ut
943 2144 1104 2185 Dorica
1144 2146 1380 2197 dialectos,
1427 2159 1514 2201 qua
1555 2148 1629 2188 ille
1686 2149 1696 2155 ”

120 2208 311 2258 scripsit,
352 2209 518 2249 rustica
549 2210 777 2251 habeatur.
838 2212 1148 2264 Opportunum
1185 2214 1267 2255 fuit
1305 2227 1413 2267 ergo
1455 2217 1513 2264 ei,
1554 2217 1628 2269 qui

119 2278 321 2327 pastores
362 2276 599 2325 inferebat,
641 2289 694 2317 ea
732 2279 888 2330 lingua
929 2281 1193 2332 disputasse.
1266 2283 1455 2335 Virgilio
1501 2287 1627 2324 tanto

119 2345 285 2386 facturn
316 2354 427 2397 opus
457 2346 614 2395 majuS,
647 2350 812 2400 quanto
844 2360 933 2391 una
963 2349 1117 2402 lingua
1147 2352 1336 2404 loquens
1368 2362 1530 2395 sensus
1557 2366 1628 2395 ru-

120 2416 255 2455 sticos
286 2418 438 2465 aptare
471 2415 714 2455 elaboravit
738 2417 834 2457 sine
855 2419 1204 2468 reprehensione
1226 2421 1482 2464 sermonis.“
1531 2425 1628 2464 Hoc

120 2483 174 2523 de
205 2484 353 2525 indole
385 2484 563 2525 dialecti
592 2485 779 2526 Doricae
803 2486 1034 2538 judicium,
1066 2490 1284 2532 omissum
1316 2493 1371 2532 ab
1393 2492 1628 2542 AhrensiO,

120 2552 195 2590 ubi
226 2553 280 2592 de
312 2564 366 2592 ea
395 2565 444 2593 re
472 2555 714 2605 disputavit
745 2556 798 2595 de
830 2557 928 2597 dial.
959 2558 1060 2598 Dor.
1091 2572 1131 2610 p.
1163 2556 1265 2609 398,
1307 2573 1407 2601 cum
1437 2562 1492 2602 iis
1525 2574 1627 2602 con-

120 2619 276 2670 spirat,
318 2633 431 2672 quae
462 2623 798 2674 disputaverunt
836 2626 920 2665 viri
962 2626 1080 2667 docti
1120 2629 1175 2669 de
1206 2631 1430 2670 Theocriti
1470 2631 1525 2670 id.
1556 2632 1626 2671 XI.

117 2689 230 2730 Nam
260 2689 306 2730 in
337 2701 389 2730 eo
421 2691 619 2743 ipsarum
649 2693 891 2735 formarum
922 2698 1164 2749 asperitate
1194 2699 1456 2751 Polyphemi
1494 2702 1627 2743 rusti-

118 2759 299 2798 citatem
339 2759 583 2810 significari
621 2766 796 2814 praeter
834 2765 946 2805 alios
988 2769 1033 2807 et
1072 2767 1344 2808 Fritzschius
1390 2768 1629 2811 affirmavit

114 2826 139 2869 l.
169 2828 194 2869 1.
224 2841 263 2880 p.
299 2823 355 2870 24
390 2831 434 2870 et
465 2829 710 2874 Ahrensius
750 2846 788 2885 p.
828 2828 923 2876 254.
984 2837 1131 2887 Quum
1173 2841 1324 2879 autem
1364 2839 1499 2890 hujus
1540 2841 1626 2881 viri
