1911 3215
932 112 989 158 46

210 233 518 271 tetrametrum
569 234 669 271 octo
719 230 948 270 schemata
987 229 1148 277 habet,
1191 232 1350 281 quarto
1386 230 1503 281 pede
1541 241 1718 284 semper

214 298 449 349 dactylus.“
507 301 737 339 Praestare
786 308 976 345 versum,
1027 299 1154 347 cujus
1196 303 1379 349 quartus
1424 309 1504 349 pes
1542 304 1716 349 partem

214 368 427 408 orationis
467 369 627 408 finiens
669 366 868 416 dactylus
900 367 977 415 sit,
1019 370 1341 407 commemorat
1369 367 1610 409 Donatus
1639 369 1715 409 vit.

211 436 345 476 XXV.
379 433 483 475 104:
535 436 668 484 „Nam
700 446 799 473 cum
843 434 985 473 tribus
1016 434 1229 484 probetur
1257 438 1471 484 metrum,
1522 447 1717 486 caesura,

212 505 454 553 scansione,
485 503 822 552 modificatione,
852 514 943 543 non
974 503 1057 543 erit
1087 503 1314 556 bucolicus
1344 515 1522 554 versus,
1552 506 1640 546 nisi
1669 506 1716 546 in

211 585 299 625 quo
331 578 375 612 et
404 583 483 623 pes
525 572 691 622 primus
732 575 904 621 partem
945 573 1160 612 orationis
1202 573 1442 619 absolverit
1473 577 1518 612 et
1556 575 1716 614 tertius

214 642 448 681 trochaeus
479 641 611 681 fuerit
651 645 707 695 et,
740 652 946 689 caesura,
987 645 1031 681 et
1071 650 1241 695 quartus
1276 655 1344 695 pes
1383 643 1564 695 dactylus
1591 647 1717 695 καρίς

210 722 327 762 quam
353 710 542 762 spondeus
568 716 723 762 partem
747 713 934 750 orationis
964 712 1242 758 terminaverit,
1274 710 1457 762 quintus
1488 714 1533 751 et
1563 715 1716 752 sextus

210 789 289 828 pes
321 788 374 816 ex
410 778 595 827 integris
637 777 902 816 dictionibus
944 778 1097 816 fuerit:
1141 779 1259 829 quod
1294 777 1491 830 Vergilius,
1536 792 1561 819 a
1597 779 1714 820 Theo—

210 850 306 888 crito
336 859 448 900 saepe
478 853 695 895 servatum,
727 850 850 887 victus
881 850 1004 900 operis
1035 847 1270 901 daefficultate
1298 845 1505 901 neqlemz't.“-
1560 848 1714 900 Neque

208 916 336 954 aliter
366 915 583 955 Servius
614 915 659 954 in
691 914 825 964 praef.
857 916 913 954 ad
946 916 1022 955 ecl.
1052 927 1091 965 p.
1114 911 1169 954 95
1198 915 1265 954 ed.
1286 916 1408 955 Lion.
1440 916 1716 964 „Adhibetur

209 988 358 1024 autem
381 982 628 1033 (character
648 981 845 1032 humilis)
869 984 924 1024 ad
948 996 1125 1024 carmen
1146 985 1410 1033 bucolicum,
1442 986 1561 1036 quod
1583 986 1715 1026 debet

208 1056 364 1104 quarto
394 1053 507 1103 pede
552 1053 791 1093 terminare
839 1056 1013 1103 partem
1051 1053 1276 1093 orationis.
1336 1053 1423 1102 Qui
1452 1064 1533 1103 pes
1579 1054 1617 1093 si
1658 1055 1716 1094 sit

208 1122 420 1171 dactylus,
451 1123 683 1162 meliorem
715 1122 850 1161 efficit
878 1132 1072 1170 versum,
1104 1126 1173 1161 ut:
1205 1123 1295 1161 Nos
1326 1122 1496 1172 patriae
1527 1124 1639 1162 fines
1672 1125 1716 1161 et

208 1190 364 1229 dulcia.
403 1190 577 1229 Primus
605 1191 739 1230 etiam
769 1202 849 1241 pes
882 1191 1127 1230 secundum
1149 1190 1375 1235 Donatum
1406 1191 1609 1241 dactylus
1641 1191 1714 1230 de-

205 1258 281 1298 bet
311 1269 411 1299 esse
444 1262 488 1298 et
517 1259 758 1299 terminare
788 1263 963 1315 partem
995 1259 1220 1308 orationis,
1253 1262 1322 1299 ut:
1354 1259 1516 1310 Tityre.
1568 1260 1712 1309 Quam

204 1327 353 1377 legem
375 1329 636 1368 Theocritus
657 1330 948 1369 vehementer
978 1330 1199 1377 observat,
1219 1328 1435 1378 Virgilius
1467 1340 1556 1368 non
1588 1329 1710 1368 adeo.

204 1395 281 1435 Ille
313 1396 434 1436 enim
464 1398 509 1436 in
539 1397 694 1448 paucis
725 1398 929 1445 versibus
962 1398 1016 1437 ab
1058 1398 1146 1437 ista
1184 1397 1357 1437 ratione
1389 1396 1601 1445 deviavit,
1641 1397 1713 1436 hic

206 1476 306 1504 eam
336 1466 382 1504 in
412 1467 567 1515 paucis
590 1470 772 1505 secutus
804 1469 884 1506 est.
920 1466 1215 1505 Terentianus
1247 1476 1348 1504 cum
1370 1465 1425 1503 de
1456 1465 1541 1504 hoc
1571 1469 1714 1504 metro

208 1533 394 1573 diceret:
452 1534 673 1574 Plurimus
724 1534 808 1573 hoc
857 1534 994 1584 pollet
1045 1533 1220 1573 Siculae
1270 1532 1444 1572 telluris
1493 1533 1713 1581 alumnus,

202 1602 364 1641 Noster
392 1613 520 1642 rarus
553 1614 606 1642 eo
644 1606 797 1653 pastor
827 1600 989 1642 Maro“
1033 1590 1175 1652 'Quae
1213 1602 1423 1653 deinceps
1456 1604 1714 1652 sequuntur,

204 1671 260 1710 ad
290 1671 422 1710 aliam
464 1682 558 1710 rem
589 1671 815 1721 pertinent
844 1671 1035 1722 ideoque
1072 1680 1256 1721 prorsus
1288 1670 1568 1721 sejungenda
1599 1674 1714 1719 sunt,

203 1750 348 1792 neque
381 1740 565 1780 dubium
597 1750 698 1780 esse
729 1742 895 1790 potest,
929 1740 1034 1791 quin
1063 1742 1165 1790 post
1194 1739 1330 1779 verba
1359 1734 1535 1790 „pastor
1564 1736 1714 1779 Maro“

203 1809 410 1859 apodosis
442 1809 727 1848 interciderit.
787 1809 964 1859 Dactyli
1003 1809 1276 1847 mentionem
1316 1808 1482 1847 omittit
1511 1808 1713 1848 Probus

203 1888 242 1926 p.
273 1871 358 1915 348
389 1877 454 1917 ed.
476 1877 599 1916 Lion.
642 1877 857 1925 „Carmen
888 1876 1121 1915 bucolicon
1151 1877 1301 1926 legem
1331 1877 1497 1916 habere
1527 1877 1712 1924 videtur,

202 1945 267 1983 uti
296 1955 455 1984 versus
487 1946 584 1994 ejus
618 1947 803 1996 quartus
834 1954 914 1994 pes
944 1948 1116 1994 partem
1154 1944 1367 1984 orationis
1398 1945 1542 1992 finiat,
1594 1944 1712 1997 quod

202 2014 464 2053 Theocritus
496 2014 746 2054 custodivit.
786 2014 900 2053 Nam
920 2012 1136 2063 Virgilius
1167 2013 1212 2052 in
1242 2013 1385 2063 primo
1406 2024 1539 2053 versu
1571 2016 1712 2054 atten-

205 2081 268 2121 dit
308 2080 547 2132 (significat
577 2083 716 2123 verba
755 2082 946 2122 recubans
976 2082 1046 2122 sub
1086 2086 1245 2135 teymz'ne
1279 2079 1404 2135 faqz'),
1446 2085 1711 2134 sequentem

206 2152 408 2201 protinus
450 2152 536 2192 alia
576 2153 749 2192 ratione
795 2151 899 2191 fecit
946 2149 1160 2199 (meditaris
1193 2149 1336 2199 avena)
1350 2148 1391 2190 “t
1434 2155 1479 2191 et
1509 2151 1711 2194 Atilius

204 2220 403 2259 Fortun
416 2221 632 2260 atianus
673 2234 712 2271 p.
744 2216 830 2258 349
861 2220 926 2259 ed.
960 2218 1093 2258 Gaisf.
1126 2220 1384 2268 „Bucolicus
1417 2222 1622 2261 similiter
1653 2221 1707 2260 ab

203 2287 340 2328 heroo
360 2290 492 2328 venit.
533 2291 719 2337 Herous,
752 2289 789 2329 si
822 2291 981 2340 quarto
1012 2288 1124 2338 pede
1147 2292 1318 2339 partem
1340 2290 1553 2329 orationis
1576 2290 1711 2337 finiat,

205 2355 453 2395 bucolicum
484 2358 597 2406 facit,
627 2362 678 2397 ut

434 2421 491 2453 Ab
515 2421 610 2455 Jove
636 2422 873 2465 principium,
899 2420 1044 2460 Musae,
1068 2420 1177 2455 Jovis
1203 2422 1329 2455 omnia
1353 2422 1475 2465 plena.

204 2491 469 2532 Theocritus
500 2494 613 2534 hanc
651 2495 799 2546 legem
829 2495 1090 2543 custodivit,
1135 2494 1353 2546 Virgilius
1392 2492 1711 2547 comtempsit.“

205 2563 487 2614 Quamquam
520 2573 544 2600 e
575 2574 706 2602 versu
736 2565 870 2604 allato
902 2563 1158 2613 conjeceris,
1193 2564 1312 2603 hunc
1343 2576 1520 2615 quoque
1549 2565 1711 2614 pedem

205 2635 411 2682 quartum
429 2630 655 2680 dactylum
671 2641 771 2670 esse
786 2633 993 2674 voluisse.
1015 2633 1063 2673 Id
1084 2632 1230 2672 dicere
1246 2643 1334 2672 non
1350 2633 1453 2672 licet
1474 2633 1527 2673 de
1541 2633 1710 2673 Mario

203 2699 497 2740 Victorino.
553 2699 647 2739 Etsi
669 2699 788 2739 enim
807 2712 846 2750 p.
870 2697 952 2740 157
970 2703 1036 2743 ed.
1058 2701 1195 2742 Gaisf.
1218 2702 1329 2741 haec
1361 2702 1537 2752 scripsit
1566 2702 1708 2752 „Ergo

204 2771 463 2808 tetrameter
501 2768 595 2808 sive
625 2778 783 2807 versus
814 2768 907 2808 sive
943 2771 1188 2811 hexametri
1230 2770 1354 2810 heroi
1395 2772 1517 2810 tome
1555 2761 1708 2810 tertia:

207 2846 311 2877 nam
329 2839 433 2888 post
451 2836 562 2877 duas
584 2836 838 2886 incisiones,
866 2838 962 2886 ejus
983 2841 1192 2891 proprias,
1215 2841 1238 2881 i.
1263 2851 1298 2881 e.
1319 2839 1705 2892 penthemimeren
