1911 3215
937 142 992 187 91

220 269 258 298 v.
292 255 375 299 140
413 258 693 299 collocandos
740 269 840 300 esse
883 261 1047 302 statuit.
1107 261 1350 313 Vulgarem
1395 272 1607 303 versuum
1649 272 1719 302 or-

224 327 374 368 dinem
397 329 442 367 in
465 338 550 366 suo
574 328 723 368 codice
754 330 985 369 invenerat
1004 330 1241 380 Vergilius
1274 333 1318 369 et
1346 331 1532 381 gaudeo,
1563 340 1635 369 me
1667 330 1723 370 ad

220 408 274 437 ea
309 399 586 447 argumenta,
619 408 732 448 quae
761 398 944 448 protulit
970 402 1121 437 contra
1147 398 1464 438 Doederlinum
1493 398 1719 437 Ameisius

221 466 246 504 1.
277 465 301 503 l.
333 477 372 514 p.
406 460 488 503 109
519 475 600 516 sq.,
638 465 722 504 hoc
753 476 917 505 novum
949 466 1138 516 adjicere
1169 476 1313 518 posse,
1345 466 1461 519 quod
1492 466 1601 506 mihi
1632 475 1720 506 non

224 534 503 573 levissimum
535 544 635 572 esse
665 535 851 573 videtur.

335 636 392 675 Iis
415 636 575 684 verbis,
598 648 709 688 quae
733 640 979 688 sequuntur
998 649 1035 677 V.
1054 633 1109 679 58
1130 638 1300 686 „Vivite
1324 635 1497 684 silvae“,
1519 637 1723 684 breviter,

222 705 300 743 sed
338 716 502 754 magna
540 715 639 743 cum
676 705 718 743 vi
756 709 888 755 poeta
924 707 1151 745 Romanus
1191 706 1235 744 id
1274 705 1557 755 significavit,
1608 704 1726 755 quod

225 772 405 810 uberius
438 773 706 823 descriptum
739 776 808 812 est
838 785 864 811 a
893 777 1026 822 poeta
1057 773 1202 812 Siculo
1233 783 1321 812 vss.
1355 767 1620 813 112—116:

429 873 458 917 ὦ
485 879 591 924 λύκοι,
618 873 646 918 ὦ
668 881 767 922 θῶες,
796 873 824 917 ὦ
849 878 907 917 ἀν’
934 877 1027 926 ὄρεα
1050 879 1212 927 φωλάδες
1236 878 1368 924 ἄρκτοι,

428 934 589 983 χαίρε5”“
617 935 633 973 ὁ
660 937 811 984 βωκόλος
836 934 942 984 ὔμμιν
968 937 1035 984 ἐγὼ
1052 937 1180 984 Δάφνις
1205 934 1318 973 οὐκέτ’
1350 934 1401 972 ἀν’
1427 932 1521 979 ὕλαν,

428 991 544 1030 οὐκέτ’
573 992 639 1030 ἀνὰ
663 994 818 1039 δρυμῶς,
842 994 906 1031 οὐκ
931 992 1049 1031 ἄλσεα.
1075 992 1184 1041 χαῖρ’,
1212 991 1405 1039 Ἀρέξῐοισα

431 1051 490 1085 καὶ
513 1051 674 1096 ποταμοὶ,
699 1051 751 1086 τοὶ
773 1056 868 1095 χεῖτε
893 1050 995 1086 καλὸν
1021 1050 1111 1085 κατὰ
1135 1048 1332 1095 Θύμβριδος
1349 1044 1456 1092 ὕδωρ.

337 1157 529 1195 Causam
560 1157 695 1205 hujus
726 1158 791 1195 rei
822 1168 848 1196 a
879 1158 1042 1197 Vossio
1074 1158 1352 1206 perspectam
1381 1166 1482 1195 esse
1514 1156 1731 1203 existimo,

226 1226 352 1274 quus
393 1225 529 1264 verba
577 1226 639 1264 ita
689 1225 957 1273 adscribam,
1008 1229 1068 1272 ut,
1107 1235 1221 1276 quae
1267 1225 1537 1264 sententiam
1582 1235 1730 1264 meam

227 1293 372 1343 magis
405 1293 539 1331 etiam
573 1293 808 1344 explanare
841 1294 1029 1341 credam,
1070 1293 1166 1343 ipse
1197 1292 1482 1341 interjiciam:
1516 1290 1644 1341 „Noch
1675 1295 1735 1333 ein

224 1359 386 1408 (lc-nrzes
423 1363 504 1402 und
539 1361 712 1409 rasches)
750 1362 951 1402 Lebewohl
990 1363 1062 1402 den
1101 1362 1442 1412 hervom·oqenden
1488 1360 1733 1408 Waldhohem

223 1430 303 1470 und
351 1442 394 1469 er
442 1433 590 1483 sprinyt
640 1442 715 1471 von
765 1430 833 1472 der
874 1428 1000 1481 jahen
1040 1427 1173 1483 Klippe
1210 1431 1250 1470 in
1291 1429 1347 1471 (lie
1379 1427 1544 1471 Fluthen
1580 1426 1734 1471 herab.“

222 1498 548 1548 Reputantibus
582 1499 701 1538 enim
732 1499 874 1546 nobis,
906 1501 1007 1547 apte
1038 1500 1232 1547 pastoris
1270 1499 1549 1548 desperantis
1588 1499 1735 1537 condi-

223 1566 397 1605 cionem
428 1566 490 1606 ita
522 1566 729 1615 describi,
767 1571 833 1613 ut,
871 1579 927 1606 ne
960 1567 1128 1605 diutius
1161 1580 1185 1606 a
1217 1568 1444 1617 proposito
1477 1568 1734 1615 retineatur,

223 1645 312 1673 non
344 1635 513 1682 omnia,
565 1646 678 1685 quae
711 1636 751 1673 ei
783 1646 884 1674 cara
916 1635 1022 1681 sint,
1073 1635 1334 1685 singillatim
1366 1638 1614 1682 enumeret,
1654 1636 1733 1674 sed

222 1715 312 1742 una
343 1703 555 1741 silvarum
588 1703 1027 1750 commemoratione,
1060 1703 1220 1753 quippe
1253 1714 1386 1753 quam
1419 1704 1634 1742 memoria
1665 1715 1730 1742 re-

223 1770 443 1822 liquarum
482 1779 631 1809 rerum
669 1770 722 1809 ad
762 1770 898 1810 vitam
936 1770 1214 1821 pastoritiam
1251 1769 1571 1821 pertinentium
1608 1771 1725 1811 ultro

225 1844 453 1890 sequatur,
507 1842 645 1877 totam
677 1851 771 1877 rem
803 1840 1024 1877 absolvat:
1057 1841 1159 1885 hoc,
1191 1841 1386 1888 inquam,
1418 1841 1728 1887 reputantibus

226 1917 314 1946 non
346 1906 407 1944 ita
438 1906 690 1945 necessario
722 1906 808 1955 „rei
845 1906 957 1945 ratio
991 1903 1216 1958 flagitare“
1246 1906 1486 1955 videbitur,
1538 1911 1586 1946 ut
1619 1907 1726 1947 Her-

224 1986 387 2014 manno
425 1974 508 2021 (ad.
539 1976 661 2013 Bion.
693 1987 731 2023 p.
762 1971 821 2012 47⁴
858 1973 936 2024 sq.)
969 1975 1292 2023 adstipulantes
1330 1984 1509 2013 versum
1548 1975 1618 2013 hic
1655 1986 1726 2013 ex-

224 2042 384 2082 cidisse
407 2041 648 2081 credamus.
686 2041 954 2080 Addendum
978 2046 1046 2081 est
1068 2042 1197 2089 aliud,
1221 2042 1276 2081 ad
1299 2042 1416 2092 quod
1440 2043 1724 2081 Hermannus

224 2112 385 2162 quique
427 2121 528 2150 eum
569 2110 613 2148 in
645 2110 805 2149 lacuna
836 2110 1112 2159 designanda
1145 2113 1324 2150 secutus
1357 2113 1427 2148 est
1458 2110 1723 2161 Ladewigus

224 2179 454 2219 attendere
492 2179 741 2217 debuerunt
780 2178 1048 2228 diligentius
1107 2179 1323 2217 Nimirum
1363 2178 1399 2216 si
1432 2189 1586 2217 revera
1617 2179 1727 2217 Ver-

225 2247 358 2298 gilius
391 2257 484 2285 rem
515 2247 765 2285 accuratius
797 2246 1046 2285 describere
1077 2246 1308 2292 voluisset,
1342 2245 1381 2282 ei
1414 2245 1721 2295 depingendae

224 2315 319 2356 sine
353 2314 484 2353 dubio
515 2314 735 2363 integram
771 2314 996 2362 stropham
1037 2313 1296 2351 dedicasset.
1356 2312 1478 2350 Fecit
1508 2312 1549 2350 id
1582 2313 1721 2350 Theo-

226 2384 372 2430 critus,
406 2382 530 2430 cujus
561 2381 764 2420 versibus
789 2382 1072 2420 Hermannus
1103 2390 1180 2430 pro
1209 2381 1471 2430 argumento
1504 2389 1611 2419 usus
1644 2384 1721 2419 est.

225 2454 455 2492 Postremo
493 2451 627 2490 etiam
663 2450 747 2489 hoc
786 2449 1058 2489 considerari
1097 2449 1245 2494 velim,
1294 2451 1471 2497 poetam
1520 2449 1720 2487 consulto

226 2520 271 2560 in
310 2519 632 2560 sententiarum
670 2517 822 2558 ordine
855 2529 880 2557 a
909 2520 1067 2568 poetae
1100 2515 1364 2567 Syracusani
1403 2516 1604 2566 exemplo
1636 2516 1721 2556 dis-

229 2590 430 2629 cessisse.
470 2589 581 2627 Nam
613 2588 728 2637 apud
759 2588 1040 2626 Theocritum
1069 2586 1288 2635 Daphnis,
1322 2588 1560 2635 antequam
1589 2588 1721 2634 optat,

226 2663 275 2697 ut
305 2669 450 2697 rerum
484 2659 642 2695 natura
673 2656 950 2701 immutetur,
1000 2654 1205 2694 valedicit
1235 2652 1338 2692 feris
1371 2655 1413 2690 et
1454 2652 1639 2691 saltibus
1680 2656 1723 2691 et

224 2726 492 2765 fluminibus
544 2725 673 2772 Hunc
708 2724 905 2762 ordinem
937 2734 1025 2762 non
1057 2724 1274 2760 mutasset
1305 2721 1399 2768 ejus
1432 2720 1651 2766 aemulus,
1685 2720 1723 2759 si

221 2794 423 2847 pluribus
455 2793 600 2833 verbis
633 2793 698 2831 uti
728 2793 954 2833 voluisset.
1000 2792 1125 2830 Nunc
1162 2801 1265 2829 vero
1296 2788 1581 2838 paucissimis
1612 2798 1723 2829 usus

224 2863 454 2916 aptissime
484 2874 580 2903 rem
610 2862 655 2902 in
685 2862 820 2902 finem
851 2860 1012 2911 rejecit.
