1911 3215
210 957 394 997 solvam.
451 957 689 995 Praeterea
737 955 847 994 mihi
889 956 1188 1005 praedicanda
1232 960 1302 996 est
1344 957 1589 998 liberalitas
1632 959 1718 999 viri

211 1047 487 1097 amplissimi,
518 1047 763 1094 Ameisii‚
801 1058 828 1085 a
849 1058 947 1097 quo,
979 1059 1116 1098 quum
1137 1049 1344 1098 precibus
1375 1059 1477 1087 eum
1508 1049 1716 1097 adissem,

210 1149 325 1190 quae
348 1138 402 1178 de
426 1141 658 1188 poetarum
681 1136 952 1177 Graecorum
985 1141 1028 1177 et
1051 1138 1105 1177 de
1126 1138 1315 1189 Vergilii
1336 1139 1607 1179 carminibus
1630 1139 1716 1180 ele-

208 1231 394 1280 gantem*
425 1231 475 1267 ut
505 1227 629 1273 solet,
673 1230 1000 1267 commentatus
1034 1231 1113 1274 est,
1146 1228 1297 1266 statim
1329 1228 1573 1277 impetravi.
1633 1229 1717 1269 De—

207 1320 341 1370 nique
363 1319 541 1362 silentio
573 1319 815 1367 praeterire
846 1329 936 1356 non
966 1318 1082 1364 licet,
1113 1319 1254 1356 multa
1284 1329 1356 1356 me
1388 1319 1523 1357 etiam
1555 1319 1718 1357 debere

205 1409 537 1448 munificentiae
571 1411 909 1458 praeceptorum
945 1408 1296 1456 carissimorum,
1327 1408 1717 1448 Westermanni

209 1504 253 1539 et
281 1499 561 1546 Nitzschii‚
594 1498 668 1550 qui
700 1497 861 1537 idcirco
893 1508 1070 1549 quoque
1102 1508 1279 1538 summa
1310 1499 1419 1538 mihi
1439 1498 1605 1548 pietate
1627 1509 1717 1540 am-

206 1590 413 1640 plexandi
453 1592 575 1635 sun-t,
626 1589 729 1639 quia
770 1589 1037 1638 largissimis
1080 1589 1306 1628 doctrinae
1345 1599 1453 1627 suae
1485 1590 1623 1639 copiis
1654 1591 1716 1629 ita

206 1691 278 1719 me
308 1681 628 1726 instruxerunt,
659 1683 709 1718 ut
739 1680 920 1718 omnino
951 1679 1007 1718 ad
1038 1679 1154 1718 hanc
1186 1680 1496 1730 quaestionem
1528 1679 1717 1729 aggredi

207 1782 401 1812 conarer.

319 1874 483 1921 Habes,
513 1873 580 1912 vir
610 1873 950 1923 spectatissime,
983 1883 1097 1924 quae
1130 1875 1175 1911 et
1204 1871 1258 1911 de
1281 1873 1478 1920 consilio,
1510 1872 1627 1923 quod
1649 1882 1717 1911 se-

207 1969 334 2005 cutus
375 1975 496 2014 sum,
547 1968 591 2004 et
636 1964 688 2003 de
734 1965 962 2004 literarum
1007 1963 1242 2011 subsidiis,
1294 1964 1456 2014 quibus
1489 1964 1553 2002 uti
1582 1962 1717 2010 licuit,

206 2055 450 2106 praefanda
480 2054 669 2093 fuerunt.
720 2055 848 2104 Quod
879 2055 1101 2105 reliquum
1133 2058 1213 2102 est,
1243 2058 1347 2104 peto
1379 2054 1460 2093 abs
1492 2055 1561 2093 Te
1594 2055 1716 2093 omni

208 2158 296 2198 qua
334 2157 414 2196 par
454 2150 523 2184 est
564 2146 869 2193 observantia,
914 2149 964 2184 ut
1003 2146 1161 2184 eodem
1200 2146 1337 2184 animi
1368 2145 1578 2194 candore,
1629 2157 1716 2197 quo

209 2247 386 2286 semper
436 2239 659 2274 errantem
703 2245 774 2273 me
822 2236 868 2272 in
915 2235 1031 2272 viam
1076 2236 1315 2284 reduxisti,
1364 2237 1446 2276 has
1487 2237 1718 2274 literarum

210 2327 430 2377 primitias
462 2327 662 2374 accipere
695 2328 749 2371 et,
782 2325 821 2363 si
843 2335 958 2374 quae
987 2326 1167 2373 peccavi
1197 2345 1252 2350 ——
1282 2336 1439 2363 vereor
1469 2328 1630 2371 autem,
1660 2335 1717 2363 ne

210 2417 402 2466 plurima
434 2416 612 2459 sint-,
644 2426 696 2452 ea
728 2415 950 2461 corrigere
983 2417 1027 2451 et
1058 2414 1295 2451 emendare
1326 2413 1449 2452 velis.
1508 2414 1630 2454 Vale.

327 2529 415 2568 Ser.
449 2526 625 2577 Lipsiae
655 2537 691 2565 a.
724 2527 762 2564 d.
793 2526 904 2565 VIII.
937 2526 1022 2565 Cal.
1054 2526 1155 2564 Jun.
1186 2525 1483 2566 MDCCCLVI.
