1911 3215
926 135 981 180 53

197 261 298 292 mus
329 252 507 304 Quaest.
538 253 712 303 XXXII,
753 256 904 295 tamen
933 255 1045 296 haec
1074 254 1309 307 peculiaris
1351 266 1485 296 causa
1515 255 1697 296 minime

201 322 473 374 negligenda
503 326 582 363 est.
620 323 813 372 Accedit,
835 325 951 375 quod
981 328 1112 374 poeta
1134 325 1269 364 etiam
1299 324 1344 362 in
1376 325 1533 364 ceteris
1564 325 1698 373 hujus

198 390 380 442 eclogae
419 390 623 430 versibus
673 403 761 430 una
811 403 910 431 cum
949 392 1096 433 verbis
1135 402 1366 433 caesuram
1417 403 1591 444 quoque
1640 392 1695 432 ab

197 463 377 500 auctore
408 469 489 500 suo
530 460 695 511 petivit.
754 461 989 500 Praeterea
1027 461 1316 501 vehementer
1355 461 1617 510 gauderem,
1659 461 1697 500 si

198 528 274 570 ecl.
302 528 394 569 VII.
424 523 481 568 64
519 531 699 579 propter
735 529 1091 579 responsionem,
1140 530 1193 568 de
1226 542 1313 581 qua
1353 532 1486 569 antea
1517 530 1623 578 dixi,
1673 542 1697 569 e

198 597 424 637 codicibus
454 610 575 650 neque
603 598 779 637 restitui
818 601 980 648 posset.
1042 600 1095 637 At
1126 599 1264 638 donec
1305 599 1553 637 accuratior
1582 597 1698 636 facta

197 666 280 706 erit
309 666 521 705 librorum
542 666 728 714 collatio,
758 666 867 705 nihil
888 666 960 706 hic
982 666 1159 717 quidem
1181 670 1353 705 mutare
1376 667 1530 705 ausim.
1571 665 1699 704 Alius

195 735 416 786 planeque
458 734 659 774 diversus
691 738 760 774 est
804 735 877 775 ille
919 734 1108 784 fructus,
1162 745 1292 787 quem
1336 746 1389 774 ex
1429 735 1513 774 hac
1543 737 1697 774 nostra

196 798 458 857 quaestione
497 804 543 843 in
580 804 846 853 judicandos
893 804 1094 855 singulos
1126 803 1398 843 Graecorum
1433 813 1591 842 versus
1629 814 1695 842 re-

195 873 391 913 dundare
413 872 628 913 existimo.
657 873 824 912 Videor
846 873 964 912 enim
985 873 1095 911 mihi
1117 872 1495 920 animadvertisse,
1516 875 1695 921 poetam

193 942 452 988 Romanum,
475 951 561 992 quo
583 950 796 991 usurpare
816 942 969 990 posset
990 951 1231 988 caesuram,
1257 940 1480 980 interdum
1502 952 1528 979 a
1548 939 1696 978 verbis

196 1008 377 1047 Graecis
416 1008 646 1056 paululum
684 1007 988 1046 declinavisse.
1047 1007 1096 1045 Id
1127 1017 1231 1045 vero
1270 1009 1461 1057 quantae
1493 1005 1696 1045 utilitatis

193 1075 252 1115 sit
281 1074 339 1114 ad
378 1073 671 1113 cohibendam
710 1084 946 1124 pravarum
989 1074 1345 1122 conjecturarum
1385 1073 1634 1120 audaciam,
1675 1085 1699 1112 e

195 1142 368 1181 duobus
419 1141 631 1190 exemplis
683 1141 927 1180 clarissime
969 1141 1143 1179 elucere
1193 1145 1312 1191 puto.
1380 1142 1526 1180 Unum
1568 1141 1698 1179 offert

195 1210 272 1250 ecl.
302 1208 342 1248 V
372 1220 411 1250 v.
440 1203 518 1249 85:
545 1209 669 1258 „Hac
707 1211 751 1249 te
791 1220 873 1250 nos
912 1208 1059 1261 fragili
1091 1209 1355 1250 donabimus
1387 1213 1491 1250 ante
1532 1206 1699 1249 cicuta“

193 1281 344 1330 aperte
375 1278 663 1317 adumbratus
696 1288 749 1317 ex
788 1278 843 1317 id.
874 1278 955 1317 VH
985 1289 1023 1318 v,
1052 1274 1108 1316 43
1148 1271 1227 1317 τάν
1255 1289 1341 1327 τοι,
1383 1275 1483 1329 ἔφα,
1524 1273 1698 1331 κορύναν

191 1339 459 1399 ὃωρύττομαι.
517 1346 696 1385 Poterat
741 1348 875 1396 poeta
924 1346 1048 1385 salva
1096 1346 1334 1389 verborum
1385 1347 1609 1386 sententia
1654 1350 1699 1385 et

191 1413 416 1464 praesenti
445 1413 510 1452 uti
542 1415 588 1451 et
606 1412 754 1452 futuro
784 1416 1008 1463 tempore3
1040 1414 1125 1452 hoc
1145 1415 1364 1463 praetulit,
1395 1418 1445 1454 ut
1465 1425 1698 1454 caesuram

191 1481 439 1521 bucolicam
469 1479 734 1521 admitteret.
794 1481 940 1530 Quare
972 1481 1107 1521 etiam
1137 1481 1222 1521 hac
1253 1494 1279 1521 a
1308 1485 1433 1532 parte
1465 1483 1574 1523 satis
1605 1495 1700 1522 mu-

192 1549 287 1589 nita
317 1552 386 1589 est
415 1548 559 1589 forma
589 1541 857 1602 δωρύττομαι,
890 1560 1003 1601 quae
1025 1561 1143 1590 nunc
1162 1562 1242 1601 pro
1264 1544 1502 1606 δωρήσομαι
1520 1556 1701 1603 propter

193 1617 398 1668 Gregorii
428 1617 642 1657 Corinthii
673 1620 717 1657 et
748 1618 949 1657 codicum
980 1619 1018 1658 k.
1042 1620 1091 1668 Q.
1123 1620 1433 1658 auctoritatem
1465 1621 1511 1658 in
1544 1621 1699 1660 editio-

191 1685 322 1726 nibus
358 1685 532 1737 legitur.
589 1684 722 1726 Aliud
765 1686 1016 1739 exemplum
1055 1688 1239 1740 praebet
1271 1688 1347 1730 ecl.
1379 1689 1416 1728 X
1446 1700 1483 1729 v.
1517 1683 1588 1729 18:
1619 1690 1699 1738 „Et

193 1755 415 1794 formosus
446 1755 542 1793 ovis
584 1755 639 1793 ad
670 1755 853 1793 flumina
894 1757 1016 1805 pavit
1045 1754 1249 1796 Adonis“.
1309 1757 1393 1795 Hic
1422 1766 1579 1797 versus
1611 1758 1696 1797 etsi

193 1835 217 1865 e
245 1822 446 1875 pluribus
476 1822 586 1863 locis
608 1823 881 1874 compositus
912 1827 981 1863 est
1000 1845 1056 1849 —
1077 1837 1180 1864 nam
1212 1829 1261 1864 ut
1282 1825 1531 1865 Adonidem
1561 1830 1695 1876 poeta

191 1906 278 1934 oves
308 1899 529 1945 pascentem
564 1891 812 1939 induceret,
850 1895 998 1931 motus
1030 1895 1099 1932 est
1129 1892 1184 1933 id.
1215 1893 1233 1931 I
1272 1904 1309 1932 v.
1343 1888 1445 1942 108,
1488 1895 1606 1946 quod
1637 1895 1691 1935 de

191 1964 332 2013 poeta,
364 1960 439 2012 qui
470 1960 682 2012 quidquid
711 1960 854 2010 potuit
884 1972 911 2000 a
937 1961 1173 2001 Theocrito
1204 1963 1457 2011 assumpsit,
1490 1963 1691 2002 dubitare

192 2041 282 2070 non
314 2029 467 2070 debuit
496 2029 715 2080 Hauptius
753 2028 865 2068 MuS.
896 2028 1036 2069 Rhen.
1065 2029 1171 2070 Nov.
1202 2029 1273 2069 IV.
1304 2041 1342 2079 p.
1373 2025 1477 2078 262,
1518 2033 1567 2069 ut
1599 2030 1689 2083 pul-

194 2100 331 2140 chrum
349 2101 540 2146 vocaret,
560 2109 649 2137 non
671 2108 780 2137 voce
802 2089 957 2149 ὡραῖος,
990 2109 1102 2148 quae
1124 2097 1289 2136 ibidem
1309 2098 1482 2147 legitur,
1504 2099 1584 2137 sed
1605 2099 1691 2138 alio

193 2176 340 2214 senSU‚
372 2167 427 2206 de
459 2177 544 2217 quo
577 2166 626 2206 cf.
658 2165 823 2206 Ameis.
854 2165 966 2205 Adn.
995 2178 1035 2216 p.
1065 2161 1111 2214 6,
1151 2177 1327 2214 verum,
1369 2166 1407 2206 si
1436 2167 1616 2206 omnino
1648 2167 1691 2206 in

193 2247 246 2276 eo
269 2235 465 2285 epitheto
488 2235 682 2285 aliquem
705 2234 923 2274 Graecum
944 2235 1091 2273 locum
1114 2235 1340 2285 spectavit,
1368 2235 1519 2273 Bionis
1539 2235 1690 2284 idyllio

192 2305 335 2356 primo
355 2323 411 2329 ——
433 2303 655 2342 sententia
674 2305 823 2341 tamen
846 2303 1104 2352 deprompta
1126 2306 1194 2341 est
1216 2314 1267 2341 ex
1288 2302 1342 2341 id.
1364 2303 1440 2341 XX
1459 2314 1496 2342 V.
1516 2298 1583 2341 33.
1619 2302 1691 2340 Ni-

191 2372 432 2413 hilominus
449 2382 535 2423 quo
557 2370 825 2410 adscisceret
841 2381 1072 2410 caesuram
1089 2371 1346 2418 bucolicam,
1365 2382 1453 2410 non
1475 2372 1691 2410 convertit

195 2453 309 2495 quae
347 2441 410 2482 ibi
449 2440 660 2493 leguntur
688 2439 826 2480 verba
855 2434 896 2479 ἐν
928 2431 1093 2490 ἅγκεσι,
1136 2439 1214 2480 sed
1252 2440 1401 2491 posuit
1433 2441 1485 2481 ad
1511 2441 1691 2493 flumina.

191 2511 477 2561 Explodenda
511 2513 580 2549 est
609 2510 744 2558 igitur
775 2512 819 2547 et
848 2508 1046 2547 Jacobsii
1077 2508 1242 2557 opinio,
1276 2509 1351 2559 qui
1382 2508 1614 2547 Animadv.
1647 2509 1691 2546 in

192 2578 374 2619 Theocr.
413 2590 453 2629 p.
490 2577 551 2617 VI
583 2588 645 2631 sq.
684 2580 861 2630 propter
899 2576 1085 2628 Vergilii
1125 2587 1305 2617 versum
1346 2578 1399 2617 id.
1432 2579 1459 2619 Ι.
1499 2572 1580 2617 108
1620 2570 1686 2617 ἐπ’

192 2642 345 2700 ὅχὲαις
374 2647 445 2685 vel
475 2641 656 2685 ἐπάκτια
694 2657 772 2696 pro
804 2640 891 2684 ἐπεὶ
927 2641 1002 2684 καί
1041 2646 1262 2696 corrigere
1293 2646 1449 2693 voluit,
1492 2648 1536 2684 et
1566 2645 1692 2683 Eich-

195 2714 348 2763 stadii,
392 2713 468 2767 qui
498 2714 678 2765 Quaest.
718 2714 821 2767 phil.
862 2724 976 2766 spec.
1018 2726 1056 2766 p.
1087 2710 1113 2754 7
1156 2714 1311 2755 eadem
1354 2714 1406 2754 de
1448 2726 1583 2754 causa
1623 2707 1687 2754 ἐπ’

195 2778 307 2838 ἀκτᾷ
337 2783 550 2832 conjecit>
576 2784 731 2836 Neque
761 2783 929 2824 inutilis
962 2787 1031 2822 est
1052 2784 1107 2823 ad
1138 2794 1231 2823 rem
1254 2783 1447 2822 criticam
1479 2794 1568 2822 una
1595 2794 1694 2822 cum

196 2854 294 2895 aliis
324 2854 459 2895 rebus
490 2864 702 2894 caesurae
733 2853 958 2894 bucolicae
989 2863 1098 2893 usus
1130 2853 1207 2893 ecl.
1235 2853 1276 2891 V
1306 2863 1393 2892 vss.
1422 2848 1477 2891 45
1510 2862 1624 2904 sqq.:
