1911 3215
974 109 1031 154 87

250 226 407 268 tertius
458 228 643 276 accedit,
693 228 842 279 colligi
883 238 1017 279 posse
1057 228 1264 277 arbitror,
1314 239 1468 269 revera
1507 229 1552 272 in
1599 230 1749 271 codice

249 290 492 337 carminum
524 297 765 346 Theocriti,
817 308 904 350 quo
953 306 1061 337 usus
1112 300 1180 337 est
1210 297 1455 348 Vergilius,
1496 302 1597 350 post
1632 299 1748 339 Mer-

250 367 419 405 curium
452 369 497 406 et
525 367 733 417 Priapum
763 367 952 406 Dianam
991 370 1383 406 commemoratam
1424 378 1522 408 esse
1563 370 1748 421 ejusque

247 435 382 475 verba
421 447 448 475 a
488 436 635 476 verbis
665 435 811 485 Priapi
852 435 1054 484 sejuncta
1093 435 1241 476 fuisse.
1301 436 1411 476 Nam
1449 448 1562 488 quae
1592 438 1746 478 Venus

252 504 357 544 dicit
387 504 503 554 apud
533 505 838 551 Theocritum,
877 515 1031 543 eorum
1062 504 1286 554 Vergilius
1323 505 1490 544 nullam
1529 507 1746 546 rationem

248 572 403 611 habuit
423 572 613 623 ideoque
636 572 785 611 statim
806 575 907 622 post
926 573 1058 612 Panis
1083 573 1326 612 orationem
1346 573 1521 613 Gallum
1542 578 1745 624 pastores

248 639 446 679 Arcades
496 640 661 691 alloqui
709 640 843 680 finxit.
914 641 1129 689 Quocirca
1177 652 1233 679 ne
1277 641 1320 679 id
1372 641 1550 691 quidem
1599 643 1745 682 dicere

246 707 360 755 licet,
391 719 480 747 non
511 708 675 759 legisse
706 712 882 759 poetam
912 709 1160 748 Romanum
1192 719 1347 748 versus
1378 705 1434 749 92
1464 720 1526 760 sq.

360 777 482 817 Haec
528 778 742 818 hactenus
789 778 843 817 de
888 777 1044 828 ecloga
1089 778 1269 817 decima.
1330 777 1398 817 Ad
1440 778 1743 828 explicandam

247 846 448 885 ultimam
478 850 649 896 partem
681 847 907 894 carminis,
949 847 1067 897 quod
1097 847 1281 896 Thyrsis
1313 847 1535 886 Theocriti
1577 848 1745 895 cecinit,

249 914 486 953 utilissima
518 917 586 952 est
615 924 717 963 pars
757 913 875 963 prior
917 913 1069 964 ecloyae
1108 920 1280 953 octavae.
1341 915 1437 952 Hoc
1468 926 1668 961 carmen,
1709 916 1746 954 si

249 982 507 1022 discesseris
539 994 566 1021 a
593 982 745 1031 paucis
775 981 999 1029 versibus,
1041 992 1206 1031 magna
1242 985 1335 1020 arte
1373 982 1648 1021 elaboratum
1679 983 1744 1022 in-

247 1050 452 1100 signique
493 1049 712 1088 suavitate
754 1047 980 1087 conditum
1027 1052 1105 1087 est.
1175 1048 1319 1099 Atque
1362 1049 1513 1087 debuit
1551 1050 1747 1098 profecto

249 1120 382 1167 poeta
413 1117 457 1156 in
487 1116 725 1167 pangenda
757 1116 912 1166 ecloga
934 1116 1053 1156 omni
1087 1115 1315 1166 diligentia
1343 1116 1580 1165 elaborare,
1613 1130 1748 1169 quan·

248 1184 495 1236 doquidem,
527 1187 575 1223 ut
605 1189 785 1234 apparet
816 1195 868 1223 ex
894 1193 980 1223 vss.
1010 1180 1057 1222 11
1081 1193 1142 1234 sq.
1176 1182 1354 1234 (Accipe
1381 1185 1521 1232 jussis
1553 1187 1748 1225 carmina

247 1258 402 1304 coepta
434 1251 557 1302 tuis),
589 1254 644 1293 ad
676 1264 774 1293 eam
806 1253 1156 1304 componendam
1187 1265 1213 1292 a
1242 1253 1461 1301 Pollione,
1494 1255 1654 1294 excelsi
1684 1255 1747 1294 in-

248 1322 369 1373 genii
399 1323 514 1369 viro,
558 1322 772 1361 excitatus
814 1325 917 1360 erat.
976 1321 1087 1360 Nam
1131 1321 1169 1359 si
1210 1321 1484 1371 quaerimus,
1527 1323 1746 1372 quomodo

247 1390 564 1440 intelligendus
596 1389 654 1429 sit
692 1399 905 1428 numerus
942 1388 1126 1438 pluralis
1157 1391 1355 1436 carmina,
1401 1389 1439 1428 is
1470 1400 1613 1441 neque
1645 1402 1745 1431 curn

245 1459 466 1508 Wagnero
496 1462 540 1496 et
560 1457 798 1506 Ladewigo
831 1456 886 1494 ad
908 1467 1065 1495 omnes
1088 1456 1266 1505 eclogas
1288 1467 1432 1507 neque
1464 1468 1563 1496 cum
1583 1458 1745 1497 Vossio

247 1525 554 1566 tantummodo
579 1525 633 1564 ad
648 1524 940 1575 posteriorem
958 1527 1136 1563 cantum
1153 1523 1304 1563 referri
1322 1529 1478 1574 potest.
1502 1525 1746 1576 Wagnerus

246 1595 291 1634 iu
333 1594 524 1633 editione
566 1594 734 1632 minore
775 1594 889 1632 hanc
929 1593 1266 1642 explicationem
1305 1593 1504 1643 protulit:
1544 1605 1743 1640 „carmen

245 1663 339 1709 hoc,
371 1662 488 1713 quod
520 1665 588 1700 est
619 1672 672 1699 ex
695 1671 747 1700 eo
779 1671 954 1710 genere,
986 1671 1044 1699 sc.
1064 1660 1275 1706 bucolico,
1307 1661 1362 1699 ad
1391 1661 1505 1710 quod
1528 1665 1744 1711 temptan-

247 1731 349 1769 dum
395 1733 443 1768 tu
489 1740 561 1768 me
605 1726 842 1768 excitasti.“
900 1728 1097 1767 Kochius
1142 1739 1266 1775 vero,
1309 1732 1567 1777 praeceptor
1616 1740 1742 1768 meus

248 1798 515 1845 carissimus,
536 1797 752 1846 relegavit
773 1797 981 1835 lectorem
1005 1797 1060 1837 ad
1083 1796 1158 1836 ecl.
1175 1797 1243 1836 ΙΙΙ.
1264 1793 1301 1844 7,
1333 1797 1388 1835 ad
1410 1807 1541 1847 quem
1562 1807 1740 1836 versum

245 1868 289 1908 in
321 1866 552 1917 utriusque
594 1866 787 1904 editione
826 1865 974 1915 plures
1014 1864 1099 1903 loci
1135 1864 1300 1903 laudati
1341 1869 1463 1911 sunt,
1506 1865 1549 1904 in
1582 1865 1740 1915 quibus

246 1945 459 1975 numerus
509 1933 689 1985 pluralis
738 1933 968 1973 nominum
1027 1943 1128 1971 eum
1173 1933 1415 1983 significat,
1469 1932 1544 1983 qui
1592 1936 1661 1972 est
1718 1944 1741 1972 e

247 2014 432 2044 numero
463 2002 534 2042 vel
570 2003 614 2041 in
647 2001 904 2041 condicione
935 2011 1108 2047 eorum,
1159 2001 1233 2051 qui
1272 2010 1325 2039 eo
1366 2001 1544 2039 nomine
1584 2012 1741 2040 vocan-

247 2076 327 2112 tur.
388 2072 447 2110 At
477 2074 545 2111 est
575 2071 685 2110 haec
716 2069 946 2120 explicatio
979 2068 1216 2117 ejusmodi,
1248 2079 1373 2119 quae,
1406 2079 1505 2107 cum
1536 2068 1580 2107 in
1612 2080 1741 2120 quos-

250 2140 351 2179 dam
383 2140 505 2178 locos
547 2139 729 2189 egregie
760 2137 1012 2184 conveniat,
1050 2141 1200 2176 tamen
1231 2137 1283 2174 ab
1316 2137 1399 2175 hoc
1433 2137 1528 2175 loco
1560 2148 1741 2186 prorsus

249 2207 518 2248 removenda
549 2205 654 2252 sit.*)
696 2207 857 2245 Contra
887 2205 1075 2244 Vossius
1106 2204 1285 2254 putavit,
1316 2204 1556 2242 Pollionem
1587 2216 1614 2243 a
1634 2205 1741 2243 Ver-

249 2277 355 2329 gilio
386 2275 571 2327 petisse,
613 2277 660 2313 ut
690 2273 1072 2312 Pharmaceutrias
1103 2272 1323 2311 Theocriti
1365 2271 1556 2310 carmine
1594 2272 1740 2323 aliquo

249 2346 540 2391 adumbraret,
571 2346 747 2393 poetam
769 2346 917 2382 autem
949 2344 994 2381 et
1022 2340 1206 2380 fautoris
1237 2341 1440 2390 precibus
1472 2341 1741 2381 satisfecisse

250 2418 295 2456 et
317 2414 498 2455 carmini
520 2413 573 2453 ab
595 2412 669 2452 illo
691 2411 932 2462 efflagitato
955 2410 1100 2461 ipsum
1122 2408 1236 2449 aliud
1259 2409 1530 2460 opposuisse.
1553 2409 1599 2449 Id
1622 2410 1659 2449 si
1680 2409 1739 2449 fe-

251 2486 385 2524 cisset
406 2484 555 2531 Pollio,
586 2482 833 2522 mirandum
854 2480 1049 2531 profecto
1072 2483 1202 2526 esset,
1234 2479 1349 2529 quod
1371 2490 1460 2519 non
1481 2479 1675 2528 apertius
1697 2482 1741 2518 et

250 2605 363 2651 gilius
386 2605 424 2638 in
448 2605 518 2638 hac
543 2602 696 2647 quidem
715 2602 847 2646 ecloga
872 2610 912 2635 se
937 2600 985 2634 ad
1008 2598 1173 2633 auctoris
1200 2598 1406 2642 exemplum
1431 2598 1650 2641 composuit.
1686 2597 1738 2631 Cf.

251 2674 283 2697 v.
310 2663 351 2697 13
377 2673 460 2705 sqq.
485 2671 567 2695 cum
593 2659 753 2693 Theocr.
778 2669 809 2691 v.
835 2658 873 2692 71
903 2667 970 2701 sq„
995 2668 1028 2690 v.
1053 2657 1093 2691 21
1130 2666 1211 2690 cum
1242 2665 1275 2688 ν.
1300 2656 1361 2694 81,
1388 2665 1418 2687 v.
1445 2655 1487 2688 23
1520 2664 1602 2688 cum
1628 2665 1659 2687 v.
1684 2654 1738 2687 83.

251 2720 345 2755 Hinc
371 2717 521 2753 defendi
547 2717 659 2752 etiam
683 2718 811 2760 potest
836 2714 1024 2759 genitivus
1050 2712 1170 2749 Πίνδω
1189 2723 1221 2746 v.
1239 2712 1293 2752 67,
1320 2723 1429 2756 quam
1457 2711 1662 2746 Ahrensius
1689 2710 1739 2751 (in

253 2779 334 2822 eJus
350 2777 407 2812 ed.
424 2778 481 2810 est
499 2786 531 2809 v,
547 2775 605 2816 66)
623 2774 660 2808 iu
679 2772 932 2808 accusativum
950 2774 1095 2806 mutare
1114 2769 1240 2804 voluit.
1266 2768 1318 2803 Cf.
1337 2762 1501 2812 Vergilii'
1514 2769 1627 2802 verba
1642 2778 1673 2802 v.
1689 2768 1742 2802 11.

344 2836 375 2878 ²⁸)
401 2833 459 2869 De
484 2832 549 2868 ecl.
575 2830 639 2866 111.
664 2841 697 2865 v.
723 2830 742 2865 7
767 2830 853 2866 vide
877 2839 973 2874 quae
999 2827 1205 2872 disputavit
1230 2826 1366 2862 Ameis.
1393 2825 1490 2871 Spic.
1517 2837 1550 2870 p.
1578 2827 1608 2859 5.
