1911 3215
948 139 1007 185 80

231 258 416 314 Vergilii
447 245 667 308 bucolica,
714 262 783 299 est
811 259 965 297 creber
1009 258 1063 297 ad
1109 258 1368 297 evitandum
1411 265 1658 309 pronomen
1703 262 1736 299 is

227 324 502 388 pronominis
531 326 597 367 vlle
626 334 753 366 usus:
786 338 812 366 a
840 327 986 376 priore
1017 326 1136 366 enim
1164 329 1256 366 tam
1278 327 1478 366 studiose
1498 327 1544 366 in
1566 328 1734 378 eclogia

156 411 181 424 1—
229 396 468 443 abstinuit,
514 399 563 434 ut
603 395 796 444 exceptis
838 395 914 434 ecl.
946 395 994 434 II.
1025 406 1063 434 v
1092 391 1148 443 4,
1194 396 1238 434 in
1271 404 1358 446 quo
1389 395 1448 443 2⁸⁸,b2
1480 399 1524 434 et
1555 393 1632 435 ecl.
1664 396 1733 436 ΠΙ

227 476 264 505 v.
295 460 361 513 35,
393 465 437 505 in
471 476 556 517 quo
587 465 625 505 vd
651 465 751 516 quod
779 464 953 514 legitur,
985 475 1130 516 neque
1160 465 1308 515 ipsum
1341 475 1485 517 neque
1508 465 1732 505 derivatae

229 534 282 572 ab
316 545 368 573 eo
399 533 581 572 voculae
613 532 904 572 inveniantur.
966 532 1337 585 Quandoquidem
1370 532 1424 572 de
1454 533 1732 583 pronominis

226 601 290 642 me
330 601 652 652 significatione
694 601 822 640 docte
865 602 957 652 egit
997 603 1200 653 Wagner.
1262 604 1440 652 Quaest.
1482 600 1600 651 XXI,
1646 611 1731 654 ego

227 672 340 709 hanc
370 671 549 709 laudare
582 670 690 708 satis
721 671 864 709 habeo
897 674 1029 721 atque
1062 678 1139 709 eos
1170 671 1319 721 potius
1355 672 1478 711 locos
1519 671 1730 718 tractab0‚

226 739 270 777 in
303 739 461 789 quibus
501 742 634 788 poeta
673 737 756 777 hoc
796 738 1011 777 vocabulo
1051 748 1299 788 pronomen
1338 734 1462 792 τῆνος
1504 740 1732 780 convertit.

224 808 455 845 Permotus
488 807 605 845 enim
637 807 702 853 iia
735 817 847 857 quae
880 806 1083 845 dixerunt
1123 806 1177 845 de
1223 816 1331 846 voce
1375 804 1498 858 τῆνος
1541 804 1730 847 Ahrens.

226 875 279 913 de
330 874 427 913 dial.
474 875 573 914 Dor.
618 881 657 926 p.
701 869 786 915 267
832 886 924 927 sqq.
977 879 1021 914 et
1063 874 1230 916 Ameis.
1281 875 1305 915 l.
1346 876 1371 916 l.
1411 887 1450 927 p.
1494 872 1576 915 143
1626 886 1729 930 sqq„

223 945 460 995 diligenter
505 946 728 996 quaesivi,
779 957 885 984 num
934 946 1039 996 quid
1079 946 1134 985 ad
1182 946 1306 984 litem
1358 946 1653 985 dirimendam
1704 957 1728 985 e

223 1013 410 1062 Vergilii
476 1013 724 1051 imitatione
793 1013 1012 1061 conjicere
1081 1014 1253 1052 liceret:
1318 1013 1451 1052 licere
1521 1013 1728 1052 intellexi.

220 1082 317 1121 Non
357 1082 557 1131 potuisse
599 1081 850 1131 Vergilium
894 1091 1140 1131 pronomen
1185 1081 1250 1121 ille
1299 1081 1483 1128 inferre,
1531 1082 1608 1120 ubi
1657 1078 1729 1132 τῆ-

219 1160 290 1196 νος
328 1149 570 1188 secundam
609 1149 775 1188 indicat
813 1161 1052 1199 personam
1092 1150 1163 1189 vel
1210 1161 1311 1189 cum
1360 1152 1616 1199 contemptu
1667 1149 1728 1188 di-

220 1219 351 1266 citur,
392 1217 601 1269 quoniam
642 1220 799 1267 sponte
842 1221 1045 1268 apparet,
1094 1219 1190 1266 ejus
1238 1218 1357 1258 modi
1400 1218 1486 1257 loci
1527 1229 1551 1257 e
1592 1227 1725 1270 quae-

219 1288 361 1326 stione
383 1286 629 1336 excipiendi
651 1290 754 1325 sunt
776 1289 820 1325 et
840 1287 902 1325 ita
920 1287 1070 1337 potius
1089 1287 1337 1335 dicendum,
1361 1285 1567 1335 Graecos,
1591 1297 1726 1339 quum

217 1367 306 1395 non
337 1356 554 1395 haberent
583 1366 850 1405 pronomen,
894 1356 1011 1406 quod
1040 1356 1178 1395 latino
1209 1358 1278 1396 iste
1316 1356 1629 1406 responderet,
1670 1356 1727 1396 ad

216 1425 291 1464 illa
323 1434 437 1476 quae
468 1424 597 1475 posui
629 1424 908 1485 designanda
938 1425 1070 1464 modo
1100 1425 1444 1476 propinquitatis
1476 1425 1608 1465 modo
1633 1426 1726 1465 lon-

216 1545 337 1579 XXX.
363 1546 400 1586 9,
441 1545 618 1589 quoniam
649 1546 718 1579 hoc
750 1544 920 1589 idyllium
952 1544 1238 1580 recentissimae
1272 1545 1409 1580 aetatis
1435 1548 1504 1579 est.
1552 1545 1606 1580 Eo
1630 1545 1726 1587 loco,

216 1604 263 1637 de
289 1614 362 1646 quo
389 1603 534 1647 agitur,
575 1613 644 1646 pro
671 1606 760 1642 λεῖος
786 1602 946 1645 conjicio
972 1599 1076 1642 αὐτὸς
1109 1602 1290 1645 scriptum
1325 1602 1455 1636 fuisse.
1502 1602 1726 1645 Requiritur

215 1661 312 1694 enim
331 1659 467 1693 fortior
486 1658 688 1702 oppositio,
715 1669 829 1702 quum
848 1655 1000 1694 ὑπαντᾶν
1020 1658 1111 1692 nihil
1131 1657 1233 1692 aliud
1252 1658 1302 1692 sit
1319 1658 1392 1692 nisi
1411 1658 1514 1703 quod
1532 1660 1723 1693 nostrates

216 1718 345 1753 dicunt
370 1716 713 1762 entqeqenlcommen,
752 1715 912 1751 Romani
943 1727 983 1751 se
1018 1715 1162 1762 offerre.
1194 1715 1338 1758 ,Quare
1373 1718 1516 1751 temere
1553 1720 1726 1762 egerunt,

214 1776 276 1818 qui
304 1775 624 1813 existimaverunt,
648 1773 859 1816 Vergilium
882 1773 947 1806 ecl.
968 1772 1033 1806 ΙΙΙ,
1053 1774 1095 1806 66
1115 1770 1266 1807 ὑπαντᾶν
1285 1774 1520 1806 convertisse
1540 1774 1663 1814 „ultro
1684 1784 1725 1808 se

213 1832 383 1865 offerre.“
432 1829 601 1875 Legerat
627 1830 706 1864 sinc
733 1829 847 1864 dubio
873 1826 978 1870 αὐτὸς
1002 1826 1171 1865 ὑπαντῶν.
1221 1828 1364 1863 Contra
1387 1839 1596 1873 pronomen
1621 1827 1725 1872 αὐτός

210 1900 245 1922 v.
271 1890 313 1922 99
339 1888 499 1929 indicat,
536 1889 573 1921 in
600 1888 757 1931 stropha
783 1887 925 1930 aliquid
949 1887 1142 1920 turbatum
1169 1896 1269 1926 esse,
1308 1887 1410 1930 quod
1435 1887 1526 1930 quid
1552 1888 1617 1929 sit,
1650 1888 1723 1922 alio

210 1949 381 1990 tempore
408 1945 688 1979 demonstrabo.
736 1944 872 1978 Restat
897 1944 947 1978 id.
968 1943 1031 1977 IV.
1051 1944 1107 1984 49,
1132 1954 1244 1987 quem
1268 1953 1422 1978 versum
1447 1954 1521 1978 non
1546 1947 1650 1980 recte
1676 1946 1722 1979 ab

209 2003 397 2038 Ahrensio
431 2003 669 2037 emendatum
706 2004 797 2046 puto
822 2001 913 2036 Phil.
946 2001 1016 2036 1.1.
1042 2013 1077 2046 p.
1108 2001 1185 2036 435.
1239 2000 1405 2035 Primum
1441 2012 1576 2036 rursus
1612 2012 1723 2047 repo-

209 2062 374 2096 nendum
404 2064 463 2095 est
497 2071 516 2094 e
550 2061 647 2104 conj.
677 2059 885 2093 Hermanni
917 2056 1028 2104 ῥοικόν
1058 2072 1111 2104 τι,
1149 2059 1286 2093 deinde
1317 2059 1425 2092 initio
1459 2068 1594 2093 versus
1633 2059 1727 2094 nihil*

210 2118 447 2158 mutandum,
485 2116 553 2150 sed
578 2127 597 2150 c
625 2116 812 2160 scriptura
838 2115 919 2150 cod.
946 2115 969 2149 k
991 2113 1130 2157 πάταξα
1153 2115 1191 2149 in
1225 2115 1297 2149 fine
1334 2115 1574 2150 scribendum
1599 2110 1646 2157 ὥς
1680 2127 1722 2153 τυ

209 2173 370 2217 πατάξαι.
412 2174 496 2208 Non
520 2184 608 2207 raro
634 2173 817 2207 infinitivo
843 2172 897 2207 ita
921 2169 969 2213 ὥς
995 2173 1158 2213 additur,
1183 2176 1224 2206 ut
1244 2173 1393 2207 consilii
1410 2174 1478 2214 vis,
1505 2174 1656 2217 quaein
1676 2185 1720 2209 eo

210 2232 319 2272 inest,
346 2235 410 2265 aut
434 2231 555 2275 magis
582 2231 762 2264 efferatur
788 2234 851 2263 aut
879 2230 927 2264 ad
947 2230 1102 2264 effectus
1121 2231 1349 2274 potestatem
1370 2231 1538 2265 accedat.
1578 2229 1722 2265 Locum

208 2299 367 2332 prorsus
394 2289 552 2323 similem
576 2299 691 2322 unum
715 2287 861 2328 inveni,
902 2287 967 2320 ubi
1000 2298 1075 2322 non
1108 2287 1237 2322 debuit
1275 2298 1294 2322 e
1318 2288 1464 2350 Reiskii
1502 2289 1722 2330 conjectura

210 2341 300 2380 ὥστε
324 2356 392 2389 pro
418 2358 465 2385 ως
490 2346 618 2388 recipi,
643 2344 730 2378 Eur.
755 2344 834 2378 Alc.
861 2344 927 2378 358
954 2343 1011 2379 cd.
1037 2342 1161 2379 Monk.

505 2402 534 2437 εἰ
560 2398 594 2437 δ’
618 2398 781 2447 Ὀρφέως
807 2414 866 2446 μοι
889 2402 1030 2447 γλῶσσα
1055 2402 1115 2438 καὶ
1139 2402 1241 2446 μέλος
1263 2403 1389 2445 παρῆν,

508 2455 553 2497 ὡς
577 2470 600 2502 η
627 2471 731 2502 κορην
759 2457 941 2504 Δημητρος
964 2454 989 2504 ἦ
1014 2458 1131 2503 κείνης
1155 2457 1254 2494 πόσιν

507 2512 643 2559 ὕμνοισι
666 2514 867 2559 κηλῆσαντά
891 2514 923 2551 σ’
947 2516 984 2558 ἐξ
999 2512 1128 2552 ’Ἃιδου
1155 2518 1285 2560 λαβεῖν,

504 2572 677 2615 κατῆλὸον
703 2569 755 2607 ἄν.

207 2630 260 2664 Cf.
293 2632 495 2675 praeterea
524 2628 707 2663 Hertlein.
741 2629 788 2662 ad
820 2630 913 2664 Xen.
946 2632 1064 2665 Anab.
1099 2630 1126 2663 I.
1160 2631 1191 2664 8.
1228 2630 1280 2664 10.
1315 2632 1352 2663 et
1383 2630 1432 2663 ad
1463 2629 1549 2674 Cyr.
1575 2630 1602 2664 Ι.
1629 2630 1657 2664 1.
1683 2630 1716 2665 2.

207 2688 480 2722 Schneidewin.
515 2690 553 2722 et
576 2686 779 2721 Hermann.
814 2687 862 2720 ad
889 2687 1000 2732 Soph.
1025 2689 1112 2722 Ant.
1138 2688 1216 2724 292.
1264 2686 1386 2721 Klotz.
1420 2687 1468 2722 ad
1501 2686 1640 2721 Devar.
1666 2685 1719 2719 11.

206 2756 240 2788 p.
259 2747 324 2779 764
345 2756 400 2789 sq.
434 2745 512 2789 Nos
539 2753 651 2788 saepe
677 2744 716 2777 in
741 2745 1007 2779 convertendis
1032 2746 1145 2788 hujus
1171 2744 1323 2788 generis
1349 2744 1442 2779 locis
1469 2745 1586 2779 verbo
1613 2743 1713 2778 auxi-

206 2801 291 2837 liari
314 2801 494 2842 „k6nnen“
517 2801 667 2838 utimur.

1856 2250 1882 2469 amzkkfflm
1857 2078 1882 2187 <'<-³÷.-*1,-·‹¹‹¹>›r<
1861 1971 1864 1975 '
1876 1924 1877 1927 „
1860 1819 1885 1904 ,gig-⁴³...
1876 1800 1881 1810 ,⁴
