1911 3215
949 118 1005 162 73

229 234 352 272 terea
381 234 608 274 Menalcas
638 246 676 276 v.
695 231 752 275 67
771 236 954 287 Deliam,
986 236 1225 279 Damoetas
1255 249 1293 279 v.
1315 232 1367 278 81
1401 237 1720 290 Amaryllidem

228 302 402 352 profert,
435 305 477 343 id
508 304 683 345 facilem
716 306 1051 357 explicationem
1084 308 1229 348 habet.
1284 307 1419 356 Delia,
1450 309 1609 360 quippe
1638 309 1723 360 pri-

230 371 538 421 stina.amica,
579 374 633 413 ab
665 375 738 414 illo
769 375 925 415 leviter
954 376 1261 417 tantummodo
1293 377 1489 428 tangitur
1518 380 1562 417 et
1592 378 1724 418 Ama·

231 442 355 491 ryllis
385 443 503 481 hunc
543 454 632 483 non
664 448 803 491 amat,
845 445 922 484 sed
953 446 1016 484 ira
1047 447 1338 498 persequitur.
1398 446 1543 486 Velim
1575 450 1724 487 autem

229 510 340 550 haec
362 523 461 551 cum
494 512 547 551 iis
571 512 782 562 conferas,
806 525 918 565 quae
941 514 1029 553 dixi
1060 516 1112 554 de
1136 515 1357 555 Theocriti
1387 515 1537 565 idyllio
1560 516 1724 567 quinto.

225 579 336 619 Nam
375 581 492 631 quod
523 582 751 621 Menalcas
784 582 836 621 de
876 594 964 622 uno
1007 593 1182 633 semper
1216 583 1395 622 homine
1425 584 1636 635 loquitur,
1676 585 1722 624 in

228 658 279 688 eo
325 650 542 700 spectavit
588 654 719 701 poeta
769 652 1019 702 exemplum
1060 653 1248 692 Laconis
1289 653 1557 700 Theocritei,
1605 654 1722 704 quod

229 721 378 757 autem
402 719 640 758 Damoetas
671 723 846 770 praeter
877 732 1072 760 amorem
1106 720 1315 760 Galateae
1348 721 1457 760 iram
1491 721 1722 771 Amarylli-

228 787 294 827 dis
327 792 663 837 commemorat,
704 789 749 828 in
781 801 833 829 eo
864 790 989 829 Maro
1022 790 1229 829 Comatae
1261 790 1511 839 exemplum
1543 793 1721 830 secutus

227 859 304 897 est.
365 857 478 896 Hinc
508 857 746 897 verisimile
779 868 878 898 esse
908 861 1025 909 puto,
1059 858 1190 898 etiam
1222 858 1469 910 Vergilium
1502 859 1722 899 Theocriti

227 926 469 965 Eumedem
500 927 690 965 eundem
723 939 822 966 cum
854 928 1029 967 Cratida
1059 928 1281 967 habuisse.

341 995 501 1034 Contra
531 995 757 1044 Vergilius
798 1005 977 1045 prorsus
1019 1007 1045 1033 a
1076 996 1297 1034 Theocriti
1334 996 1536 1035 instituto
1567 996 1611 1034 in
1643 997 1722 1035 fin-

226 1064 373 1114 genda
402 1064 485 1103 hac
515 1064 645 1103 illave
674 1067 902 1114 pastorum
935 1067 1051 1103 sorte
1093 1077 1144 1104 ac
1175 1065 1432 1104 condicione
1464 1065 1648 1104 descivit
1677 1066 1723 1104 in

226 1133 380 1182 ecloga
411 1134 618 1182 septima,
660 1128 745 1183 quo
788 1144 840 1171 ex
881 1143 1044 1183 genere
1086 1129 1276 1170 maxim'e
1317 1132 1604 1171 memorabile
1645 1135 1722 1181 est,

226 1200 341 1253 quod
373 1211 410 1241 V.
441 1196 497 1242 29
527 1213 618 1254 sqq.
651 1201 854 1252 Corydon
887 1201 998 1242 adeo
1029 1202 1147 1242 aliud
1178 1214 1342 1242 nomen
1375 1202 1637 1251 assumpsit,
1678 1205 1723 1240 et

222 1283 260 1308 v.
289 1268 342 1309 41
387 1271 570 1319 Thyrsis
608 1271 867 1320 pronomine
909 1271 977 1310 tibi
1015 1271 1201 1309 eandem
1243 1270 1436 1320 puellam
1479 1269 1722 1320 compellat,

224 1350 355 1390 quam
400 1339 444 1377 in
475 1339 657 1388 stropha
687 1341 950 1389 antegressa
989 1331 1330 1392 πρωταγωνιστής
1361 1338 1577 1378 allocutus
1616 1341 1721 1378 erat.

222 1407 373 1447 Mirari
395 1410 545 1447 autem
566 1407 723 1457 possis,
753 1408 1000 1458 posteriore
1030 1408 1126 1447 loco
1149 1408 1429 1446 Zetzschium
1453 1405 1506 1456 (p.
1527 1403 1581 1445 23
1603 1405 1720 1449 n.***)

225 1487 277 1515 eo
309 1475 549 1515 adductum
581 1485 692 1523 esse,
724 1478 772 1514 ut
802 1475 856 1516 id.
881 1475 989 1514 VIII.
1021 1486 1059 1516 v,
1080 1470 1134 1515 55
1165 1486 1409 1526 pronomen
1440 1487 1487 1514 τυ
1518 1475 1572 1514 ad
1595 1475 1720 1515 Milo-

221 1556 323 1584 nem
354 1543 635 1583 referendum
668 1553 767 1583 esse
798 1547 983 1594 putaret.
1028 1545 1167 1584 Immo
1199 1547 1248 1583 ut
1277 1544 1430 1583 redeat
1453 1545 1546 1593 jam
1580 1544 1719 1584 oratio

223 1625 335 1659 mea,
364 1613 481 1652 unde
512 1612 708 1663 profecta
740 1616 843 1660 erat,
865 1623 916 1651 ex
947 1613 1029 1652 hac
1060 1613 1276 1661 libertate,
1309 1625 1395 1665 qua
1425 1617 1556 1664 poeta
1587 1613 1718 1653 modo

221 1684 335 1722 hanc
366 1682 497 1721 modo
528 1682 648 1720 illam
679 1685 906 1731 pastorum
945 1682 1246 1721 condicionem
1279 1683 1421 1728 finxit,
1459 1682 1717 1732 neutiquam

223 1750 276 1789 de
317 1749 539 1788 Theocriti
588 1752 717 1788 cantu
769 1750 1011 1788 amoebaeo
1061 1750 1359 1797 conjecturam
1408 1748 1554 1787 facere
1603 1749 1717 1787 licet.

221 1819 332 1858 Nam
381 1818 417 1856 si
450 1817 651 1857 discedas
696 1830 726 1869 a
766 1818 1074 1857 concinnitatis
1115 1818 1214 1868 lege
1256 1830 1281 1856 a
1311 1817 1510 1867 Vergilio
1543 1817 1610 1856 bis
1641 1828 1716 1855 ne-

223 1887 368 1937 glecta
399 1888 474 1925 aut
505 1889 621 1924 certe
652 1896 739 1924 non
763 1886 871 1924 satis
903 1886 1111 1935 religiose
1133 1886 1378 1932 observata,
1410 1886 1463 1923 de
1496 1896 1582 1935 qua
1612 1884 1718 1935 quid

216 1954 425 2003 judicem,
450 1954 543 2001 jam
576 1953 774 2003 exposui,
804 1956 976 2004 poterat
1005 1957 1136 2004 poeta
1165 1954 1390 1992 Romanus
1431 1955 1509 1991 aut
1537 1952 1717 2003 popula-

221 2023 335 2063 rium
366 2022 587 2062 interdum
608 2022 752 2073 magis
774 2035 906 2074 quam
926 2023 1148 2061 Theocriti
1175 2022 1368 2061 carmina
1400 2025 1599 2074 spectare
1630 2023 1716 2076 aut,

223 2093 259 2130 si
291 2092 361 2129 vel
391 2091 583 2129 maxime
614 2091 668 2128 ad
699 2091 816 2128 illius
848 2091 997 2140 idyllia
1030 2101 1077 2129 se
1099 2090 1357 2140 composuit,
1388 2092 1549 2136 tamen,
1581 2099 1716 2141 quum

220 2158 291 2197 vel
323 2169 403 2197 sua
434 2158 573 2209 ipsius
610 2168 800 2209 persona
839 2158 961 2198 illata
1002 2170 1178 2198 omnem
1219 2158 1352 2197 fidem
1394 2170 1444 2196 ac
1483 2158 1716 2197 veritatem

222 2227 324 2263 huic
356 2225 503 2263 cantui
536 2225 779 2264 detractam
812 2236 911 2264 esse
952 2226 1237 2275 intelligeret,
1282 2225 1440 2263 lubens
1472 2224 1715 2275 volensque

221 2304 319 2333 eam
357 2295 519 2340 artem,
560 2303 647 2343 qua
678 2291 809 2332 Siculi
841 2295 999 2343 poetae
1030 2294 1227 2333 carmina
1267 2293 1509 2332 amoebaea
1539 2304 1715 2342 compo-

221 2362 306 2401 sita
325 2364 437 2408 sunt,
459 2361 697 2411 negligere.
738 2361 943 2400 Ceterum
964 2373 1070 2399 num
1085 2362 1180 2409 jam
1202 2361 1387 2410 Vergilii
1405 2363 1602 2410 tempore
1625 2371 1714 2398 car-

221 2430 329 2469 mini
359 2429 555 2480 elegiaco
586 2421 681 2468 tres'
708 2428 916 2478 strophae
948 2428 1184 2476 defuerint,
1222 2429 1366 2467 adhuc
1397 2430 1441 2467 in
1473 2429 1619 2468 medio
1650 2440 1715 2468 re-

172 2540 176 2545 ,
219 2497 389 2548 linque,
432 2509 698 2550 quamquam
728 2497 772 2536 id
802 2508 1016 2548 perquam
1045 2497 1287 2537 verisimile
1320 2508 1441 2545 esse,
1481 2501 1714 2548 propterea

220 2565 444 2614 existimo,
477 2567 613 2619 quod,
644 2569 693 2605 ut
717 2566 811 2615 jam
844 2566 1078 2618 aliquoties
1110 2566 1218 2614 dixi,
1262 2577 1526 2617 persuasum
1558 2565 1713 2614 habeo,

219 2637 455 2686 postquam
486 2629 837 2681 Artemidorus*)
870 2635 1258 2684 dispersa-poetae
1291 2637 1485 2674 carmina
1515 2634 1715 2673 bucolica

310 2792 342 2834 *)
368 2790 647 2824 Artemidorum
665 2791 825 2835 primum
843 2792 979 2835 poetae
997 2790 1163 2826 carmina
1187 2789 1357 2825 bucolica
1379 2790 1417 2824 in
1436 2800 1550 2824 unum
1574 2800 1712 2834 corpus

220 2848 469 2895 conjunxisse,
487 2848 599 2883 etiam
614 2848 821 2883 Ahrensius
840 2850 1007 2884 statuere
1026 2849 1185 2884 videtur.
1210 2848 1291 2884 Hoc
1308 2851 1512 2894 propterea
1529 2847 1713 2893 suspicor,
