1911 3215
907 94 965 139 60

183 215 293 256 satis
325 225 427 256 esse
448 216 633 266 apparet
653 223 767 267 quae
796 213 1008 263 leguntur
1025 210 1159 263 praef.
1178 223 1219 263 p.
1238 211 1424 252 LXXIX.
1462 210 1524 251 At
1553 223 1690 264 quum

184 285 239 326 de
270 284 490 335 ejusmodi
520 284 629 324 locis
675 283 760 323 alio
806 285 1006 333 tempore
1046 280 1317 322 sententiam
1353 292 1501 322 meam
1530 292 1689 333 propo-

182 365 289 394 nere
329 353 583 401 statuerim,
622 352 693 391 hic
730 350 785 391 iis
827 350 1007 391 omissis
1039 349 1258 402 quaedam
1296 349 1351 390 de
1381 349 1582 401 Vergilio
1613 350 1689 391 ad-

175 423 341 474 jiciam.
381 422 433 463 In
464 422 620 473 ecloga
639 422 796 461 octava
827 420 1034 472 strophas
1056 418 1366 472 agnoscendas
1388 429 1500 469 esse,
1529 429 1688 460 versus

181 492 457 532 intercalaris
479 489 714 530 manifesto
737 488 942 529 declarat.
983 489 1048 528 De
1079 488 1299 528 industria
1321 490 1473 528 autem
1500 500 1527 529 a
1555 491 1689 540 poeta

180 559 347 601 factum
369 569 480 609 esse,
497 561 546 599 ut
565 557 687 610 prius
711 568 889 598 carmen
906 557 1188 610 aliquatenus
1205 568 1305 598 cum
1321 557 1567 609 posteriore
1585 568 1688 599 con-

182 632 370 678 grueret,
393 628 541 667 statim
566 627 790 674 concedet,
822 626 897 676 qui
917 636 1005 665 vss.
1026 623 1080 665 21
1102 637 1196 677 sqq.
1219 627 1458 665 contulerit
1478 638 1579 666 cum
1598 636 1688 667 vsa

183 690 240 736 68
257 705 349 748 sqq.
380 696 476 736 Hac
497 694 668 735 ratione
689 694 975 734 Hermannus
1006 693 1063 734 ad
1081 694 1195 734 Bion
1216 706 1255 745 p.
1275 689 1333 734 46
1353 704 1415 747 sq.
1438 705 1567 735 suam
1598 695 1689 747 opi-

182 766 362 805 nionem
379 765 555 804 firmare
573 763 735 811 debuit,
753 773 840 814 qua
859 763 1042 813 putavit,
1058 762 1172 802 hanc
1194 764 1533 814 congruentiam
1554 764 1689 804 etiam

181 833 235 873 ad
257 844 470 874 numeros
490 844 703 873 versuum
725 831 1004 883 singularum
1027 832 1311 883 stropharum
1331 832 1688 875 transferendam

178 912 289 942 esse.
350 901 437 942 Sed
480 902 771 943 vehementer
815 901 978 940 erravit
1022 901 1089 940 vir
1133 901 1431 942 doctissimus.
1499 902 1684 943 Silentio

175 973 427 1021 praetereo,
469 971 603 1011 etiam
642 970 689 1010 in
727 970 884 1020 ecloga
914 968 1068 1021 quinta
1098 969 1275 1010 initium
1305 970 1564 1020 posterioris
1594 983 1688 1011 car-

176 1039 309 1078 minis
342 1037 446 1086 (vss.
477 1034 532 1078 56
564 1036 673 1090 sqq.)
711 1049 812 1078 cum
850 1038 1010 1088 prioris
1052 1035 1155 1085 (vss.
1186 1033 1243 1078 20
1273 1035 1382 1090 sqq.)
1414 1039 1470 1078 ad
1511 1043 1687 1080 senten-

177 1107 286 1146 tiam
317 1117 583 1157 congruere,
635 1117 906 1157 quamquam
937 1116 994 1144 ne
1025 1105 1254 1145 levissima
1284 1106 1464 1157 quidem
1494 1108 1687 1158 vestigia

178 1178 366 1223 exstant,
418 1175 579 1227 quibus
618 1174 853 1225 probetur,
905 1173 1109 1225 singulos
1158 1174 1391 1227 utriusque
1435 1175 1685 1217 cantilenae

175 1255 332 1284 versus
372 1244 435 1283 ita
474 1244 519 1282 in
560 1243 765 1293 strophas
807 1242 944 1281 dividi
980 1251 1136 1293 posse,
1186 1245 1237 1281 ut
1276 1243 1488 1293 strophae
1524 1245 1684 1295 prioris

176 1311 335 1352 cantici
375 1323 476 1351 cum
516 1311 710 1363 strophis
749 1310 1011 1362 posterioris
1047 1319 1262 1351 versuum
1292 1322 1478 1352 numero
1509 1313 1684 1365 conspi-

174 1383 284 1429 rent,
315 1391 462 1432 neque
492 1381 577 1420 hoc
605 1391 685 1430 pro
712 1383 833 1419 certo
853 1379 1035 1427 affirmo,
1065 1379 1112 1418 in
1135 1380 1293 1430 ecloga
1313 1383 1471 1420 octava
1491 1384 1683 1432 poetam,

175 1449 213 1488 si
243 1448 589 1488 concinnitatem
621 1448 906 1498 stropharum
937 1449 1156 1495 curasset,
1187 1448 1233 1487 in
1266 1458 1318 1487 eo
1350 1448 1682 1490 elaboraturum

171 1516 325 1564 fuisse,
356 1519 405 1555 ut
436 1520 675 1567 utrumque
707 1527 886 1555 carmen
908 1527 963 1555 ex
984 1515 1204 1564 ejusmodi
1226 1517 1423 1567 strophis
1446 1521 1683 1565 constaret,

172 1596 287 1636 quae
308 1584 404 1634 pari
419 1595 630 1624 versuum
652 1595 838 1623 numero
856 1583 1191 1623 continerentur
1200 1581 1247 1631 *),
1261 1595 1345 1624 nec
1365 1595 1482 1632 νει-ο,
1498 1588 1548 1624 ut
1566 1586 1682 1636 prio-

172 1653 234 1693 ris
266 1652 425 1704 cuique
457 1652 668 1704 strophae
700 1652 842 1692 altera
871 1652 1134 1703 posterioris
1170 1652 1485 1703 responderet:
1523 1665 1680 1695 verum

171 1733 285 1774 quae
307 1721 498 1761 mutavit
517 1721 584 1760 vir
614 1720 912 1767 doctissimus,
943 1731 1032 1760 non
1064 1721 1211 1760 solum
1232 1721 1416 1760 nimiam
1447 1722 1681 1762 audaciam

169 1801 276 1840 prae
292 1800 341 1829 se
363 1788 521 1837 ferunt,
537 1789 617 1829 sed
639 1789 773 1829 etiam
790 1788 941 1828 omnia
958 1798 981 1827 e
1002 1787 1127 1828 falsis
1144 1789 1427 1839 opinionibus
1445 1793 1551 1829 nata
1566 1792 1682 1831 sunt.

170 1858 234 1898 Ex
277 1858 438 1910 quibus
478 1869 620 1897 unum
644 1858 739 1906 jam
771 1857 922 1908 tetigi,
953 1857 1124 1910 reliqua
1155 1858 1255 1898 aliis
1286 1858 1395 1898 locis
1425 1868 1681 1911 persequar.

170 1927 478 1968 Hermannum
510 1926 775 1977 Ladewigus
807 1926 941 1966 etiam
972 1926 1018 1966 in
1039 1926 1179 1967 altera
1201 1926 1395 1967 editione
1417 1927 1479 1967 ita
1500 1931 1685 1968 secutus

171 1999 251 2043 est,
281 1998 331 2034 ut
361 1995 407 2034 in
438 1994 587 2034 media
615 1994 688 2033 via
719 1995 996 2035 subsisteret.
1055 1995 1168 2035 Nam
1200 1995 1317 2046 apud
1355 1996 1495 2043 hunc,
1545 2007 1683 2047 quum

172 2065 270 2113 ejus
302 2063 437 2102 editio
459 2063 654 2114 reliquas
682 2063 929 2102 Hermanni
954 2064 1235 2113 conjecturas
1262 2064 1499 2111 contineat,
1529 2067 1682 2103 tamen

169 2132 329 2183 prioris
361 2132 569 2172 carminis
601 2131 784 2182 stropha
810 2132 1193 2182 antepaenultima
1212 2133 1367 2181 trium,
1405 2133 1681 2183 paenultima

120 2254 123 2256 -
171 2200 366 2252 quinque
408 2210 620 2240 versuum
661 2202 749 2247 est,
799 2199 1060 2250 posterioris
1098 2211 1202 2241 vero
1243 2204 1402 2242 cantus
1441 2204 1683 2253 antepaen-

169 2269 327 2308 ultima
347 2269 553 2320 quinque,
584 2268 861 2319 paenultima
891 2271 981 2308 tres
1012 2279 1170 2309 versus
1193 2270 1512 2321 complectitur.
1553 2271 1680 2311 Hanc

261 2478 289 2523 *)
315 2478 422 2517 Dixit
439 2478 675 2516 Hermannus
694 2491 729 2525 p.
748 2481 810 2516 46:
840 2481 940 2522 „Sed
958 2481 1005 2516 de
1030 2482 1101 2516 hac
1127 2481 1278 2526 (ecloga
1302 2482 1451 2524 octava)
1478 2480 1679 2517 dicendum

173 2540 232 2572 est
257 2536 482 2582 explicatius
497 2562 506 2576 ‚
549 2531 681 2573 ne'cui
712 2537 804 2572 nihil
827 2549 982 2574 curasse
1006 2539 1238 2573 monstratas
1263 2549 1285 2572 a
1310 2537 1470 2575 Graecis
1494 2540 1601 2585 leges
1626 2540 1680 2575 vi-

169 2595 302 2631 deatur
319 2592 538 2638 Virgilius.“
573 2593 674 2636 Quid
700 2593 837 2629 Graeci
862 2595 910 2629 ad
943 2605 1025 2630 cam
1051 2605 1164 2639 quam
1188 2594 1309 2629 voluit
1333 2595 1391 2630 vir
1416 2596 1575 2632 eximius
1601 2597 1679 2632 effi·

170 2651 342 2687 ciendam
367 2649 662 2686 concinnitatem
687 2653 823 2694 poetae
857 2651 1220 2692 demonstraverint,
1264 2662 1338 2686 non
1370 2653 1491 2688 video.
1546 2653 1678 2697 Neque

170 2708 267 2741 enim
291 2707 408 2741 ullum
433 2706 630 2743 Theocriti
654 2708 719 2740 aut
744 2706 976 2751 reliquorum
999 2707 1173 2754 idyllium
1198 2711 1339 2751 exstat,
1378 2720 1452 2756 quo
1490 2710 1564 2746 duo
1591 2719 1678 2745 con-

168 2765 277 2800 trarii
300 2765 514 2812 argumenti
539 2765 707 2801 carmina
724 2764 763 2800 in
781 2766 879 2801 hunc
895 2766 1046 2801 modum
1071 2767 1453 2810 comprehenduntur,
1472 2770 1515 2802 ut
1538 2767 1678 2812 prioris

171 2824 349 2866 strophae
375 2833 458 2858 cum
484 2823 642 2858 alterius
668 2822 834 2857 numeris
859 2833 1037 2858 versuum
1060 2823 1269 2858 concinant.
