1911 3215
913 116 970 160 22

190 239 235 275 et
263 248 303 287 p.
333 232 416 276 303
447 235 668 275 indicavit.
717 234 881 284 Aperte
914 231 1191 281 castigantur
1220 231 1384 271 Bavius
1417 233 1462 270 et
1491 226 1696 272 Maevius

192 305 268 346 ecl.
299 305 367 345 III.
408 300 465 344 90
496 316 558 357 sq.
601 302 667 354 (cf.
698 301 928 343 Weichert.
959 300 1034 340 rel.
1071 312 1110 351 p.
1140 293 1227 339 308
1258 297 1389 351 sqq),
1425 300 1610 349 tectius,
1648 305 1698 341 ut

189 374 374 421 videtur,
396 373 655 413 Cornificius
679 371 759 410 sub
782 370 1005 420 Amyntae
1026 369 1208 408 nomine
1240 368 1316 408 ecl.
1337 369 1386 408 II.
1407 364 1474 408 39.
1513 368 1564 409 V.
1585 363 1614 407 8
1636 380 1699 421 sq.

192 440 258 489 (cf.
290 442 452 493 Unger.
482 442 507 482 1.
538 442 562 481 1.
600 453 638 491 p.
669 436 720 478 71
756 435 864 490 sqq.)
907 441 951 478 ct
980 438 1164 489 pulchra
1202 437 1394 489 quadam
1425 437 1697 488 amphibolia

191 511 368 551 Caelius
417 512 492 550 ecl.
524 511 591 549 III.
625 504 706 547 105
754 511 798 546 et
828 507 986 546 Anser.
1025 507 1101 545 ecl.
1132 507 1201 546 IX.
1231 501 1288 544 36
1335 504 1404 553 (cf.
1452 506 1506 545 de
1550 506 1697 556 priore

191 589 304 631 quae
337 578 657 618 adnotaverunt
680 576 798 616 Serv.
820 578 864 615 et
883 574 1087 626 Philarg,
1119 574 1172 614 de
1194 575 1442 625 posteriore
1464 575 1697 615 Weichert.

188 648 264 686 rel.
294 659 333 696 p.
366 642 448 684 159
479 643 599 696 sqq).
658 645 891 683 Postremo
931 643 977 680 in
1018 643 1104 681 hoc
1144 653 1330 682 numero
1371 643 1537 691 habeo,
1579 642 1699 695 quod

191 715 268 755 ecl.
297 715 368 754 VI.
398 709 455 753 64
485 717 529 752 et
560 713 635 753 ecl.
666 713 704 751 X
736 712 911 759 Gallus,
943 711 1020 750 ecl.
1051 711 1099 751 X.
1130 704 1188 750 20
1216 715 1351 761 poeta
1381 712 1489 761 ipse,
1522 720 1570 751 se
1601 711 1694 751 Me-

189 783 364 822 nalcam
394 782 642 829 nominans,
672 783 875 831 pastores
906 779 1134 830 personati
1164 778 1457 829 inducuntur,
1489 781 1697 833 quodque

191 851 266 891 ecl.
288 851 357 891 III.
388 860 474 891 vss
505 844 560 889 85
583 861 656 901 sq„
686 853 735 888 ut
765 849 875 888 mihi
906 852 1025 888 recte
1057 848 1312 898 disputasse
1341 848 1518 888 videtur
1548 848 1696 889 Amei-

191 921 283 960 sius
316 919 427 970 Spic.
457 931 495 969 p.
527 915 554 957 7
586 928 668 969 sq,
707 917 1011 967 metaphorico
1041 917 1114 957 vel
1146 916 1386 967 allegorico
1419 927 1556 957 sensu
1587 919 1699 958 acci-

188 988 339 1040 piendi
379 982 531 1035 sunt.*)
594 988 718 1037 Quae
759 989 991 1037 praeterea
1031 986 1148 1037 apud
1186 985 1395 1038 antiquos
1431 987 1699 1038 interpretes

190 1059 403 1108 leguntur
425 1055 491 1104 (cf.
505 1055 623 1095 SerV.
646 1056 701 1094 ad
724 1055 800 1094 ecl.
821 1050 1187 1094 1.1.Add.111.20.
1206 1051 1309 1094 v.1.
1329 1054 1439 1094 Add.
1458 1055 1512 1094 de
1528 1056 1699 1106 Mopso.

191 1126 284 1172 VII.
315 1122 368 1166 21
411 1128 454 1164 et
499 1135 613 1176 quae
660 1135 683 1163 e
731 1123 823 1163 cod.
857 1122 968 1163 Gud.
1014 1123 1211 1162 enotavit
1251 1124 1456 1173 Heynius
1501 1124 1559 1163 ad
1588 1125 1699 1164 Don.

190 1194 320 1232 XVII.
352 1189 439 1240 67),
472 1202 620 1231 merae
653 1191 856 1242 argutiae
890 1194 1005 1231 sunt.
1025 1211 1081 1216 —
1113 1192 1215 1232 Jam
1246 1201 1364 1240 vero,
1395 1193 1445 1231 ut
1475 1191 1700 1233 conferam

190 1262 438 1313 Vergilium
470 1273 570 1300 cum
601 1261 858 1309 Theocrito,
898 1263 1078 1311 praeter
1108 1271 1179 1308 ea,
1212 1271 1326 1312 quae
1358 1260 1412 1300 de
1444 1261 1602 1313 ecloga
1633 1272 1700 1302 se-

192 1331 335 1370 cunda
366 1330 475 1378 dixi,
515 1330 801 1380 ingeniosum
839 1332 1003 1379 poetae
1035 1328 1171 1369 Siculi
1211 1329 1481 1369 imitatorem
1510 1330 1704 1381 produnt

185 1403 357 1452 primum
379 1399 456 1438 ecl.
478 1399 547 1438 IX.
568 1393 623 1436 35
646 1409 720 1449 sq,
751 1398 796 1437 in
829 1409 917 1449 qua
938 1408 1038 1437 cum
1060 1397 1253 1437 auctoris
1275 1397 1331 1438 id.
1351 1398 1434 1437 VII
1464 1399 1701 1439 artificiose

192 1468 377 1507 certavit
426 1465 493 1514 (cf.
543 1466 598 1506 id.
629 1466 721 1505 VII.
761 1461 818 1504 39
858 1476 951 1517 sqq.
997 1461 1053 1504 45
1085 1463 1216 1517 sqq),
1268 1466 1398 1506 deinde
1448 1466 1524 1507 ecl.
1555 1467 1604 1507 II.
1635 1462 1702 1507 39.

190 1536 243 1576 V.
274 1531 310 1576 8.
342 1531 390 1583 9.,
422 1535 499 1574 ubi
530 1545 643 1587 quae
674 1535 905 1585 leguntur,
936 1545 1118 1585 prorsus
1150 1534 1205 1574 iis
1238 1534 1399 1575 similia
1430 1540 1551 1585 sunt,
1585 1546 1699 1588 quae

193 1606 248 1644 de
289 1605 497 1654 Aegone,
542 1603 829 1653 Lampriada‚
876 1603 1125 1653 Bombyea,
1176 1603 1383 1654 Cynisca,
1433 1604 1700 1655 philosopho

189 1673 485 1724 Pythagorico
508 1672 624 1724 apud
642 1671 927 1713 Theocritum
951 1671 1225 1721 exhibentur,
1243 1679 1326 1713 tum
1348 1672 1424 1713 ecl.
1437 1672 1507 1713 VI.
1524 1668 1579 1713 64
1596 1685 1701 1725 sqq.,

192 1754 460 1793 quamquam
506 1742 567 1779 ibi
597 1741 748 1790 poesis
790 1740 1018 1779 bucolicae
1055 1741 1178 1779 notio
1216 1741 1404 1779 nimium
1436 1741 1704 1792 amplificata

192 1813 270 1859 est,
303 1813 347 1850 et
378 1810 454 1850 ecl.
485 1810 542 1858 X,
574 1809 620 1849 in
651 1808 813 1861 quibus
845 1820 898 1848 ea
930 1811 1132 1859 spectare
1163 1813 1357 1859 poterat,
1390 1821 1503 1860 quae
1535 1810 1590 1849 de
1620 1810 1704 1859 Ly-

159 1897 164 1935 3
192 1879 289 1919 cida
320 1882 368 1916 ut
399 1878 596 1927 caprario
629 1877 893 1916 Theocritus
923 1876 979 1916 id.
1000 1876 1092 1916 VII.
1126 1873 1177 1916 11
1208 1888 1312 1930 sqq„
1345 1877 1399 1917 de
1431 1880 1575 1917 semet
1604 1877 1701 1929 ipso

157 1944 160 1968 ³
190 1959 228 1988 v.
260 1942 313 1987 91
348 1956 440 1999 sqq.
474 1947 654 1994 dixerat,
685 1947 845 1999 denique
877 1947 953 1986 ecl.
974 1947 1045 1986 ΙΙΙ,
1078 1942 1171 1986 105.
1211 1947 1281 1986 IX.
1308 1942 1375 1994 36,
1407 1947 1569 1998 quibus
1601 1958 1703 1986 con-

191 2017 392 2054 firmatur
433 2015 667 2054 Fritzschii
707 2015 761 2054 de
802 2015 857 2054 id.
888 2015 958 2054 ΙΙΙ.
988 2010 1044 2053 35
1085 2024 1275 2066 meaque
1320 2014 1373 2054 de
1410 2014 1465 2054 id.
1495 2014 1588 2055 VII.
1621 2010 1703 2055 125

149 2104 153 2108 ·
193 2084 427 2124 sententia.
473 2084 879 2133 Amplificationem
910 2094 1075 2130 eorum,
1108 2094 1222 2135 quae
1254 2094 1280 2121 a
1309 2083 1549 2123 Theocrito
1581 2094 1704 2123 acce-

191 2153 277 2203 pit,
325 2152 460 2201 hujus
502 2152 680 2202 generis
726 2152 898 2203 reliqua
943 2152 1093 2191 omnia
1140 2151 1370 2191 continent
1414 2151 1705 2204 inprimisque

192 2221 302 2259 illud
333 2220 494 2259 mirum
515 2220 655 2260 videri
684 2222 846 2271 potest,
878 2219 995 2272 quod
1015 2222 1218 2270 pastores
1243 2220 1377 2259 etiam
1408 2231 1487 2271 per
1508 2221 1702 2261 alternos

193 2292 415 2328 certantes
438 2299 551 2340 quae
582 2289 677 2339 ipse
701 2289 887 2328 sentiret
916 2288 1151 2340 loquentes
1183 2287 1296 2328 fecit.
1335 2287 1396 2328 At
1416 2289 1537 2329 valet
1568 2288 1704 2328 etiam

284 2445 317 2487 *)
351 2444 559 2487 Quominus
596 2445 642 2478 iis
680 2444 900 2488 adstipuler,
940 2454 1037 2489 quae
1075 2445 1133 2478 vir
1172 2444 1414 2478 doctissimus
1453 2455 1486 2488 p.
1513 2446 1534 2479 8
1560 2454 1615 2489 sq.
1654 2443 1701 2479 de

192 2512 224 2535 v.
252 2502 317 2537 109
343 2513 398 2547 sp.
436 2501 547 2542 dixit,
583 2500 740 2545 impedit
776 2512 833 2537 me
860 2502 1016 2546 pulchra
1040 2502 1175 2537 horum
1211 2512 1388 2537 versuum
1418 2501 1700 2546 interpretatio,

200 2571 312 2604 quam
336 2560 497 2604 primum
522 2558 708 2603 prolatam
733 2571 755 2593 a
778 2560 1081 2603 Naegelsbachio
1106 2558 1255 2593 Latein.
1281 2559 1413 2593 Stilist.
1439 2570 1474 2603 p.
1501 2561 1563 2594 451
1604 2569 1702 2594 nunc

196 2627 301 2651 suam
325 2616 416 2651 fecit
441 2615 685 2660 LadewiguS.
728 2614 860 2659 Neque
886 2618 1093 2652 extremum
1117 2626 1268 2651 versum
1295 2627 1377 2650 cum
1405 2616 1537 2652 Servio
1563 2617 1703 2661 allego·

194 2673 271 2708 rice
296 2674 582 2719 intelligendum
608 2675 710 2718 puto.
747 2672 841 2707 Nam
867 2676 1011 2710 tantum
1037 2675 1148 2710 abest
1172 2676 1215 2708 ut
1240 2684 1260 2709 e
1285 2673 1433 2721 vulgari
1453 2673 1702 2721 explicatione

194 2730 395 2776 languidus
421 2732 481 2772 sit,
508 2735 549 2766 ut
568 2742 613 2767 ex
634 2742 677 2766 eo
705 2732 852 2765 demum
877 2732 1084 2774 videamus,
1109 2732 1372 2767 Palaemonem
1397 2733 1548 2767 vilicum
1572 2731 1701 2771 fuisse,

196 2788 217 2820 i.
239 2798 268 2821 e.
295 2792 332 2822 ct
355 2790 578 2823 nobiliorem
604 2792 641 2822 et
667 2789 854 2823 seniorem
879 2789 1010 2830 virum,
1038 2799 1149 2834 quem
1174 2788 1367 2835 Vergilius
1392 2800 1466 2825 non
1492 2788 1573 2823 sine
1593 2788 1701 2833 justa

196 2854 310 2880 causa
334 2845 517 2881 arbitrum
542 2846 757 2882 certaminis
783 2847 990 2882 constituit.

1860 1543 1882 1739 ..sos-Qunam
1868 1461 1885 1542 >eux—„a
1877 1436 1881 1444 ,
1869 1376 1878 1380 «
1863 1247 1879 1317 ηις-,ιι-
1867 1224 1875 1231 v·
1859 1145 1879 1195 ‘Am
1860 1101 1871 1131 ³¹³
