1911 3215
901 125 960 170 9⁰

172 254 308 294 quum
345 254 371 282 a
407 245 541 294 poeta
572 243 720 283 Siculo
756 253 827 283 res
864 243 928 283 ita
964 245 1154 284 tractata
1185 248 1323 294 esset,
1374 248 1423 285 ut
1452 245 1682 287 Simaetha

169 314 348 362 peracto
385 312 601 352 sacrificio
638 312 832 363 magicO,
879 313 1006 362 cujus
1044 324 1135 353 non
1179 317 1275 354 erat
1312 313 1486 355 faustus
1526 316 1682 363 exitus,

170 380 323 419 Lunae
355 381 520 420 amoris
553 381 624 421 sui
654 380 874 431 originem
907 384 952 421 et
980 393 1272 434 progressum
1305 386 1510 423 narraret
1540 395 1684 436 eoque

169 452 348 488 narrato
396 449 495 488 aliis
540 450 709 489 artibus
748 451 963 497 juvenem
994 451 1261 501 Delphidem
1304 455 1480 492 tentare
1521 453 1683 492 consti—

169 520 331 566 tueret,
364 520 409 558 et
439 518 509 558 his
542 518 579 558 si
609 517 720 558 nihil
750 509 1031 569 profecisset,
1070 519 1181 560 adeo
1213 519 1548 561 interfecturam
1579 531 1681 562 sese

163 587 377 634 juvenem
409 587 671 635 minaretur,
721 599 859 639 quum
898 587 1108 639 denique,
1159 591 1210 628 ut
1253 589 1520 641 tranquillus
1561 593 1684 630 esset

169 655 378 695 carminis
411 655 572 702 exitus,
623 656 808 707 egregio
847 657 1040 708 quodam
1079 656 1264 696 artificio
1294 661 1429 707 poeta
1458 658 1680 709 virginem

167 723 452 773 profitentem
508 722 705 771 fecisset,
765 734 867 764 sese
923 724 1161 776 tranquillo
1217 725 1481 777 placidoque
1532 727 1681 767 animo

169 801 367 830 amorem
398 792 670 841 perlaturam
703 802 822 831 esse:
857 804 882 831 a
905 793 1105 843 Vergilio
1134 804 1234 833 eam
1264 794 1460 843 puellam
1491 795 1684 845 descrip-

169 861 260 898 tam
294 862 338 898 et
375 862 478 899 ante
516 861 669 900 oculos
706 863 883 900 nostros
921 861 1115 912 positam
1153 872 1253 902 esse
1285 861 1507 910 videmus,
1557 874 1682 915 quae,

169 939 304 979 quum
336 927 446 967 nihil
477 929 746 968 intentatum
777 929 1051 981 reliquisset,
1089 940 1176 981 quo
1205 941 1403 980 amorem
1435 930 1682 981 Daphnidis

170 1000 464 1048 recuperaret,
496 998 631 1039 etiam
663 998 826 1038 artium
858 1008 1040 1038 suarum
1062 1009 1326 1049 prosperum
1348 1003 1558 1040 eventum
1581 1009 1683 1040 esse

169 1069 469 1115 cognosceret.
529 1068 626 1106 Hoc
659 1067 868 1106 carminis
901 1070 1218 1116 argumentum
1249 1068 1287 1106 si
1323 1078 1424 1106 cum
1457 1068 1681 1107 sententia

168 1133 328 1183 prioris
361 1134 610 1173 cantilenae
643 1135 1026 1181 contenderimus,
1058 1134 1178 1174 haud
1210 1138 1480 1183 cunctanter,
1512 1136 1680 1185 opinor,

168 1201 486 1249 concedemus,
536 1202 598 1240 ita
628 1202 879 1253 Vergilium
920 1201 1039 1253 quod
1080 1202 1370 1242 mandaverat
1400 1203 1539 1242 Pollio
1578 1213 1679 1244 sese

169 1270 333 1319 optime
380 1273 691 1309 assecuturum
738 1281 839 1309 esse
879 1274 1064 1321 putasse
1109 1270 1147 1309 si
1185 1283 1272 1311 cum
1311 1271 1601 1322 tr1·st2·2·nfelici.‹s
1634 1285 1680 1311 ac

168 1339 364 1391 desperati
408 1342 552 1380 amoris
594 1341 703 1379 emita
746 1338 896 1392 felicem
945 1341 1094 1380 emitum
1142 1341 1287 1380 amoris
1328 1341 1458 1380 omnia
1497 1343 1682 1381 moventis

167 1407 504 1456 composuisset.
566 1407 695 1456 Quod
726 1407 963 1447 consilium
995 1418 1132 1458 quum
1163 1407 1357 1457 cepisset
1387 1410 1529 1457 poeta,
1562 1409 1602 1447 ei
1634 1409 1679 1447 in

166 1476 406 1527 pangendo
446 1476 593 1527 priore
625 1479 758 1516 cantu
790 1477 1069 1528 aliquantum
1101 1488 1128 1515 a
1158 1476 1384 1516 Theocriti
1415 1478 1682 1518 auctoritate

168 1545 493 1584 deflectendum
546 1548 650 1584 erat.
720 1546 964 1596 Praecipue
1029 1545 1180 1584 omnia
1241 1545 1487 1584 omittenda
1543 1550 1681 1595 erant,

169 1624 282 1665 quae
315 1614 369 1653 ad
399 1614 674 1664 peculiarem
705 1613 953 1663 Daphnidis
985 1612 1181 1653 fabulam
1214 1613 1503 1662 pertinerent,
1543 1618 1587 1654 et
1611 1615 1681 1663 ju-

164 1682 292 1722 venis
316 1682 466 1722 statim
488 1682 542 1722 ab
565 1681 693 1722 initio
725 1681 914 1733 loquens
947 1680 1239 1721 inducendus.
1280 1681 1347 1720 Ita
1378 1680 1546 1721 factum
1579 1692 1680 1722 esse

165 1753 290 1799 puto,
335 1754 383 1789 ut
412 1755 562 1800 poeta,
610 1761 893 1800 quamquam,
941 1752 1162 1800 quatenus
1193 1749 1289 1788 fieri
1320 1752 1505 1798 poterat,
1537 1753 1680 1789 totum

166 1818 398 1870 Thyrsidis
435 1822 618 1861 cantum
661 1821 765 1861 ante
804 1818 959 1860 oculos
997 1817 1213 1867 habebat,
1262 1821 1414 1859 tamen
1454 1822 1677 1860 extremos

168 1892 344 1927 tantum
381 1898 541 1927 versus
583 1888 800 1927 imitando
845 1887 1120 1936 exprimeret.
1181 1887 1384 1926 Imitatus
1422 1889 1572 1926 autem
1611 1894 1681 1926 est

166 1966 253 1997 vss.
285 1951 341 1996 52
352 1977 407 1983 ——-
418 1951 493 1996 58:

419 2019 527 2054 Nunc
553 2022 591 2053 et
617 2019 698 2052 ovis
724 2018 824 2053 ultro
852 2018 976 2062 fugiat
1001 2018 1130 2061 lupus,
1156 2027 1271 2051 aurea
1297 2017 1414 2051 durae

422 2076 522 2111 Mala
546 2077 671 2111 ferant
697 2086 873 2120 quercus,
900 2075 1071 2109 narcisso
1097 2076 1234 2109 floreat
1260 2074 1379 2114 alnus,

421 2133 583 2177 Pinguia
609 2133 816 2168 corticibus
843 2133 981 2166 sudent
1006 2132 1149 2166 electra
1172 2130 1351 2175 myricae,
1368 2140 1381 2152 ‘

422 2190 578 2225 Certent
604 2193 642 2225 ct
667 2190 797 2235 cycnis
822 2189 959 2229 ululae,
986 2189 1035 2222 sit
1061 2188 1220 2233 Tityrus
1247 2187 1434 2232 Orpheus,

419 2248 595 2291 Orpheus
620 2248 659 2281 in
685 2247 805 2287 silvis,
830 2246 931 2281 inter
956 2246 1154 2290 delphinas
1179 2246 1307 2280 Arion.

420 2304 563 2349 (Incipe
588 2304 774 2339 Menalios
800 2315 957 2345 mecum,
983 2314 1067 2338 mea
1087 2303 1196 2343 tibia,
1222 2309 1384 2345 versuS.)

420 2362 556 2396 Omnia
580 2363 641 2397 vel
665 2363 830 2396 medium
854 2363 946 2396 fiant
970 2371 1084 2395 mare.

170 2424 280 2466 Cum
310 2425 382 2466 his
415 2428 727 2476 comparentur
756 2424 811 2465 id.
845 2425 873 2465 Ι.
905 2422 1158 2464 Theocritei
1188 2433 1276 2465 vss.
1310 2418 1445 2463 130--
1473 2420 1572 2464 134:

373 2489 449 2524 Νῦν
475 2485 509 2523 δ’
537 2489 575 2524 ἴα
600 2487 663 2532 μὲν
688 2488 847 2533 φορέοιτε
872 2485 981 2534 βάτοι,
1008 2485 1166 2531 φορέοιτε
1192 2485 1231 2521 δ’
1256 2482 1415 2530 ἄκανῦαι,

371 2542 394 2582 ἆ
419 2543 460 2582 δὲ
485 2544 575 2581 καλὰ
599 2542 784 2589 νάρκισσος
808 2539 868 2581 ἐπ’
895 2540 1098 2590 ἀρκεύθοισι
1122 2540 1287 2588 κομίσαι.

370 2600 484 2639 πάντα
508 2598 543 2637 δ’
573 2601 698 2636 ἔναλλα
721 2603 871 2646 γένοιτο,
897 2601 956 2637 καὶ
981 2598 1004 2636 ἁ
1027 2600 1128 2640 πίτυς
1150 2596 1254 2645 ὅχνας
1279 2599 1415 2641 ἐνείκαι,

371 2658 499 2706 Δάφνις
524 2658 599 2696 ἐπεὶ
624 2657 780 2700 ὕνάσκει,
806 2657 866 2693 καὶ
889 2656 957 2698 τῶς
976 2655 1082 2698 κύνας
1107 2651 1249 2703 ὥλαφος
1273 2655 1378 2701 ἕλκοι,

371 2714 439 2761 κῆξ
464 2716 572 2761 ὀρέων
597 2716 651 2752 τοὶ
675 2719 814 2754 σκῶπες
840 2712 970 2758 ἀηδόσι
993 2711 1216 2759 γαρῦσαιντο.
1361 2724 1364 2726 ·

279 2791 343 2831 Ex
373 2791 457 2830 hac
480 2790 730 2830 imitatione
753 2788 864 2829 satis
885 2786 1175 2827 manifestum
1207 2790 1286 2835 est,
1317 2787 1494 2827 incaute
1526 2788 1677 2840 egisse

164 2860 506 2907 Doederlinum,
549 2859 668 2911 quod
709 2858 733 2898 1.
766 2858 791 2897 1.
832 2869 870 2908 p.
905 2852 986 2896 163
1019 2867 1081 2907 sq.
1114 2856 1339 2896 Theocriti
1377 2866 1536 2896 versus
1577 2860 1680 2907 post
