1911 3215
941 105 999 149 62

210 225 364 264 sertim
386 234 522 275 quum
545 224 621 276 qui
638 233 771 264 versu
798 222 944 262 deleto
974 222 1196 272 prodeunt
1226 221 1418 261 numeri:
1450 221 1562 261 VIII.
1582 222 1632 262 X.
1651 221 1721 261 IX.

211 294 250 333 si
295 293 490 345 reliquos
538 302 696 332 versus
751 292 1025 340 spectamus,
1085 298 1267 340 prorsus
1320 288 1578 329 satisfacere
1630 299 1721 329 non

209 361 455 409 videantur,
486 372 620 412 quam
651 362 816 409 optare,
845 361 896 397 ut
926 358 1160 408 scrupulus
1191 357 1277 397 iste
1299 357 1354 397 de
1380 367 1515 397 versu
1534 353 1590 396 35
1611 357 1722 396 mihi

210 429 403 477 injectus
436 440 489 468 ex
519 428 667 467 animo
697 437 798 465 meo
830 426 1056 466 evellatur.
1115 427 1149 466 E
1182 426 1364 478 reliquis
1396 426 1576 477 eclogis,
1605 435 1721 476 quae

213 500 318 548 apta
347 497 633 548 proportione
664 495 708 534 in
739 498 890 545 partes
922 495 1133 547 aequales
1165 494 1302 535 dividi
1330 499 1503 546 posset,
1554 493 1723 534 nullam

212 566 375 606 inveni.
887 559 891 563 ’

325 634 393 672 Ad
425 644 496 672 res
526 633 734 672 metricas
764 633 958 683 pertinet
989 633 1123 672 etiam
1155 633 1307 672 hiatus.-
1356 634 1502 681 Hujus
1533 631 1723 671 crebrio-

211 713 305 743 rem
357 712 488 742 usum
540 713 811 754 quamquam
849 701 986 752 probe
1017 702 1109 741 scio
1145 701 1396 752 Vergilium
1426 713 1515 742 non
1547 701 1602 741 ab
1630 709 1723 740 uno

212 771 458 818 Theocrito,
491 771 569 810 sed
602 782 628 809 a
648 770 803 810 Gracis
825 771 1007 809 omnino
1033 770 1261 820 repetisse,
1292 774 1444 809 tamen
1467 781 1491 808 e
1512 768 1722 819 Wagneri

212 839 484 888 Quaestione
505 839 573 886 XI,
606 838 826 889 siquidem
857 838 896 877 is
922 848 1079 877 omnes
1100 838 1250 877 hiatus
1273 838 1563 885 enumeravit,
1592 836 1720 876 facile

210 907 490 957 intelligitur,
527 910 706 956 poetam
738 918 840 947 eum
862 907 907 946 in
931 907 1098 957 eclogis
1121 907 1300 957 saepius
1321 916 1565 957 usurpasse
1587 916 1722 957 quam

211 975 257 1014 in
287 975 471 1026 reliquis
504 975 724 1025 operibus.
784 976 956 1015 Revera
997 986 1050 1014 ex
1087 975 1336 1016 imitatione
1367 975 1593 1015 Theocriti
1625 974 1721 1022 ejus

212 1043 334 1082 modi
372 1044 524 1082 hiatus
567 1043 774 1093 explicari
813 1046 1022 1094 possunt,
1073 1054 1186 1094 quos
1216 1044 1334 1083 illius
1365 1055 1523 1084 versus
1554 1043 1600 1082 in
1631 1053 1722 1082 ser-

212 1122 393 1151 monem
442 1112 629 1151 latinum
671 1115 935 1152 convertens
983 1116 1163 1151 coactus
1210 1116 1306 1152 erat
1352 1113 1604 1151 immittere.
1664 1109 1723 1151 Cf.

213 1180 288 1219 ecl.
329 1180 441 1219 VIII.
471 1176 525 1218 41
569 1191 669 1219 cum
709 1180 763 1219 id.
795 1180 844 1219 ΙΙ.
875 1175 941 1220 82.
973 1180 1041 1219 III.
1072 1176 1141 1220 42.
1184 1180 1260 1220 ecl.
1291 1180 1403 1219 VIII.
1432 1176 1490 1219 44
1521 1191 1622 1219 cum
1663 1178 1720 1218 id.

212 1248 303 1288 VII.
324 1244 391 1287 77.
438 1247 526 1286 Alii
556 1248 705 1287 hiatus
738 1259 792 1287 ex
823 1260 874 1288 eo
907 1259 1030 1288 more
1063 1249 1396 1288 excusationem
1424 1249 1603 1296 habent,
1635 1259 1721 1299 quo

214 1319 395 1356 secutus
428 1317 678 1367 exemplum
700 1317 924 1356 Theocriti
949 1326 1128 1356 versum
1160 1317 1205 1356 in
1238 1317 1348 1356 duas
1379 1320 1530 1368 partes
1562 1316 1723 1356 divisit.

214 1385 273 1425 Cf.
305 1385 382 1425 ecl.
413 1385 483 1424 III.
514 1380 551 1424 6.
584 1385 674 1424 VII.
707 1381 773 1425 53.
805 1387 852 1425 X.
889 1382 942 1424 13
974 1390 1018 1424 et
1049 1386 1240 1425 similem
1270 1386 1419 1425 locum
1451 1386 1528 1425 ecl.
1558 1386 1627 1424 ΙΙΙ.
1655 1380 1722 1424 63.

211 1454 379 1492 Eadem
411 1453 465 1491 de
498 1463 633 1492 causa
665 1454 945 1492 excusandus
976 1454 1125 1492 hiatus
1156 1454 1202 1492 in
1234 1464 1418 1493 caesura
1449 1445 1562 1492 κατὰ
1589 1447 1724 1504 τρίτον

212 1521 401 1573 τροχαῖον
451 1521 526 1560 ecl.
575 1521 625 1560 II.
666 1517 740 1569 53,
791 1532 982 1572 quocum
1023 1532 1159 1560 versu
1198 1522 1390 1561 maxime
1432 1520 1636 1571 congruit
1666 1519 1721 1559 id.

212 1589 362 1629 XXIV.
395 1585 447 1627 71
483 1589 576 1628 coll.
608 1588 651 1628 id
683 1589 753 1628 VI.
788 1585 842 1629 12
875 1587 946 1637 (ex
977 1589 1187 1628 Ahrensii
1230 1587 1531 1637 correctione).
1563 1588 1654 1627 VII.
1684 1582 1723 1626 8.

209 1659 318 1699 XIII.
361 1654 427 1698 24.
468 1659 596 1699 ΧΧΙΙ.
639 1653 731 1698 116.
792 1659 856 1698 Ex
904 1658 1153 1698 imitatione
1200 1659 1424 1699 Theocriti
1474 1662 1607 1698 natus
1654 1659 1724 1697 est

212 1728 347 1766 etiam
378 1727 529 1766 hiatus
560 1728 605 1766 in
637 1737 822 1766 caesura
853 1728 1054 1767 bucolica
1085 1728 1162 1767 eol.
1195 1728 1263 1767 III.
1282 1724 1348 1766 79.
1380 1728 1451 1767 VI.
1470 1724 1538 1774 44,
1569 1737 1723 1777 quarn-

215 1807 347 1847 quam
387 1807 477 1834 non
519 1796 563 1834 id
605 1796 690 1835 sibi
731 1796 916 1835 indulsit
943 1799 1096 1845 poeta,
1139 1799 1205 1844 ut,
1246 1795 1621 1847 quemadmodum
1652 1793 1726 1832 ille

213 1863 319 1903 fecit
349 1863 403 1903 id.
435 1863 464 1902 I.
494 1857 562 1903 67.
594 1863 641 1902 11.
676 1859 768 1903 154.
802 1861 923 1912 [XIX.
952 1859 989 1903 5.
1016 1859 1055 1902 8.
1082 1864 1232 1904 XXIII.
1261 1859 1344 1912 48],
1376 1864 1510 1903 etiam
1543 1864 1724 1902 brevem

210 1931 411 1971 vocalem
443 1931 490 1971 in
521 1932 646 1971 hiatu
675 1937 871 1982 poneret.
930 1933 1133 1983 Denique
1165 1933 1331 1981 hiatus,
1363 1933 1439 1984 qui
1471 1935 1540 1972 est
1570 1934 1615 1972 in
1646 1943 1722 1982 ge-

212 1999 382 2038 minata
412 1999 718 2047 interjectione
749 2000 823 2039 heu
855 2000 931 2040 ecl.
963 2000 1011 2039 ΙΙ.
1043 1995 1109 2039 58.
1141 2001 1210 2039 III.
1243 1996 1343 2048 100,
1383 2001 1469 2039 etsi
1495 2001 1723 2038 neminem

214 2067 421 2115 offendet,
451 2070 601 2107 tamen
631 2071 867 2118 propterea
892 2069 979 2107 huc
999 2067 1153 2107 referri
1173 2071 1332 2119 potest,
1364 2068 1482 2119 quod
1503 2067 1564 2107 ibi
1583 2068 1724 2108 Theo-

217 2136 402 2175 criteum
434 2132 510 2187 φεῦ
541 2132 616 2188 φεῦ
648 2137 878 2186 expressit.
938 2137 1025 2186 Qui
1055 2141 1226 2176 restant
1257 2137 1405 2176 hiatus
1438 2137 1514 2178 ecl.-
1545 2132 1724 2185 11.65*).

215 2204 286 2244 VI.
316 2201 374 2244 44
406 2201 557 2254 (prior)
589 2204 681 2244 VII.
713 2200 767 2243 53
800 2202 1062 2255 (posterior).
1094 2206 1205 2245 VIII.
1238 2200 1330 2246 108.
1367 2206 1414 2246 X.
1447 2202 1518 2254 12,
1564 2217 1653 2247 non
1694 2207 1724 2245 ii

215 2283 315 2313 esse
366 2273 589 2320 videntur,
652 2284 839 2323 quorum
881 2274 1114 2323 explicatio
1154 2275 1391 2325 praecipue
1433 2286 1457 2314 e
1500 2275 1724 2313 Theocriti

214 2341 463 2381 imitatione
496 2340 735 2381 derivanda
767 2342 834 2382 sit.

308 2486 342 2528 *)
360 2483 423 2518 cf.
455 2487 580 2519 tamen
611 2495 693 2519 cum
719 2486 789 2520 hoc
813 2484 896 2521 loco
920 2485 970 2521 id.
997 2485 1024 2521 Ι.
1052 2484 1128 2521 113.
1153 2485 1234 2521 XV.
1264 2486 1340 2527 123,
1366 2495 1450 2520 cum
1475 2486 1542 2521 ecl.
1568 2485 1650 2522 VII.
1676 2486 1718 2521 53

216 2544 433 2587 <castaneae
458 2541 641 2585 hirsutae)
669 2545 705 2576 et
730 2542 776 2576 X.
803 2544 845 2579 12
872 2544 920 2579 id.
946 2543 974 2577 I.
999 2544 1053 2578 98.
1078 2543 1125 2577 ΙΙ.
1150 2544 1206 2577 46.
1233 2542 1278 2577 Χ.
1304 2543 1357 2577 28.
1384 2542 1484 2577 XIV.
1510 2545 1554 2578 49
1580 2547 1650 2578 etc.

767 2714 1174 2722 ———--...-—.--
