1911 3215
0 2406 53 2479 ’.ις

975 197 1031 242 85

252 316 555 365 adumbraret,
598 317 814 358 adductus
856 320 925 358 est
963 319 1096 368 poeta
1127 316 1436 365 similitudine,
1474 329 1606 369 quam
1638 319 1752 358 inter

174 415 176 417 »
252 386 366 426 Galli
399 389 443 425 et
472 386 717 437 Daphnidis
766 388 932 426 sortem
976 385 1248 425 intercedere
1289 385 1487 435 videbat,
1533 387 1665 439 idque
1697 399 1749 427 eo

252 457 407 507 magis,
439 456 556 508 quod
578 455 793 507 quosdam
825 455 963 505 idyllii
993 455 1113 494 locos
1144 455 1289 505 priore
1321 458 1518 506 tempore
1550 457 1746 497 nondum

251 526 449 565 imitatus
482 529 585 564 erat.

362 594 426 632 De
459 592 648 644 singulis
680 592 860 642 eclogae
883 591 1041 639 verbis,
1073 603 1209 643 quum
1232 603 1343 643 quae
1367 592 1421 631 ad
1454 592 1745 634 imitationem

247 663 470 712 pertinent
493 664 588 710 jam
620 671 753 710 supra
774 671 826 699 ex
856 663 979 709 parte
1011 661 1288 699 tractaverim
1312 665 1356 699 et
1378 661 1556 700 uberius
1588 664 1745 701 tracta-

248 733 373 770 turus
406 730 491 769 sim
523 729 608 769 alio
647 731 864 779 tempore,
915 729 1070 768 hicea
1110 731 1281 768 tantum
1322 740 1581 781 persequar,
1632 743 1743 782 quae

250 800 451 848 spectant
491 798 544 837 ad
586 798 869 848 propositum.
929 798 977 836 In
1019 798 1384 847 disceptationem
1423 799 1611 838 vocandi
1642 803 1745 839 sunt

249 866 449 917 inprimis
486 876 642 906 versus
673 862 845 915 9-30,
887 867 930 906 in
963 867 1122 918 quibus
1163 866 1441 906 adumbravit
1469 871 1600 917 poeta
1632 880 1745 919 quae

249 938 424 975 exstant
470 935 585 985 apud
616 935 901 974 Theocritum
950 945 1036 975 vss.
1075 930 1273 974 65—91.
1332 935 1478 986 Atque
1529 937 1745 986 expressit

248 1016 285 1044 V.
315 1000 475 1044 9-12
503 1014 659 1043 versus
691 1004 911 1042 Theocriti
949 999 1138 1043 66—69
1167 1004 1247 1051 ita,
1289 1007 1337 1043 ut
1378 1008 1588 1053 mutaret,
1630 1018 1743 1057 quae

248 1076 425 1122 propter
456 1083 635 1111 scenam
667 1072 711 1110 in
742 1071 977 1110 Arcadiam
1017 1072 1278 1110 translatam
1319 1073 1578 1111 invertenda
1609 1079 1744 1114 erant.

250 1140 299 1178 V.
332 1135 499 1177 13——15
530 1142 632 1178 ante
664 1139 815 1179 oculos
846 1139 1003 1178 habuit
1032 1150 1188 1178 versus
1220 1135 1271 1177 71
1307 1143 1350 1178 et
1380 1136 1454 1187 72,
1485 1144 1533 1179 ut
1565 1153 1587 1180 e
1619 1154 1746 1181 voca-

249 1207 452 1247 bulorum
484 1208 745 1258 repetitione
777 1210 976 1258 apparet3
1010 1207 1088 1248 sed
1121 1219 1255 1259 quum
1288 1210 1556 1248 sententiam
1587 1211 1743 1250 horum

250 1287 456 1316 versuum
482 1278 577 1325 jam
609 1277 918 1317 adumbrasset
949 1277 1024 1316 ecl.
1055 1277 1105 1315 V.
1137 1273 1193 1315 27
1224 1288 1285 1327 sq.
1326 1281 1369 1315 et
1400 1278 1569 1317 videret
1600 1280 1743 1327 etiam,

250 1355 361 1397 quae
403 1344 456 1385 de
488 1344 719 1396 Daphnide
758 1347 1010 1393 narrantur,
1060 1349 1161 1396 apte
1192 1357 1280 1385 non
1319 1356 1451 1396 posse
1483 1347 1536 1386 ad
1569 1348 1741 1390 Gallum

249 1414 496 1460 transferri,
550 1414 694 1463 magis
737 1424 783 1452 se
825 1415 1174 1453 accommodavit
1204 1415 1258 1453 ad
1299 1415 1352 1453 id.
1384 1415 1473 1453 VII.
1505 1413 1569 1463 74,
1602 1428 1742 1469 eoque

249 1482 381 1521 simul
412 1483 496 1521 hoc
527 1483 723 1521 lucratus
755 1484 833 1529 est,
865 1485 914 1520 ut
943 1485 1118 1521 montes
1152 1482 1381 1529 Arcadiae,
1413 1483 1666 1524 Maenalum
1699 1490 1743 1525 et

248 1551 482 1600 Lycaeum,
514 1561 863 1589 commemorare
894 1553 1056 1600 posset.
1116 1551 1239 1590 Licet
1269 1554 1418 1590 autem
1451 1562 1502 1590 ex
1533 1553 1614 1592 hac
1645 1554 1740 1593 imi-

247 1619 414 1657 tatione
447 1619 491 1656 id
523 1619 803 1665 concludere,
836 1619 1080 1668 Vergilium
1113 1629 1287 1669 quoque
1320 1619 1609 1668 existimasse,
1642 1632 1741 1661 ean-

248 1687 348 1727 dem
380 1687 624 1738 Daphnidis
656 1686 849 1726 fabulam
880 1686 924 1726 in
955 1687 1096 1737 primo
1128 1691 1173 1726 et
1202 1687 1245 1726 in
1278 1688 1466 1737 septimo
1497 1689 1646 1738 idyllio
1679 1692 1740 1730 in-

247 1756 531 1806 telligendam
576 1766 686 1794 esse.
748 1755 915 1794 Versus
947 1755 1167 1794 Theocriti
1198 1751 1253 1793 74
1297 1759 1340 1794 et
1370 1751 1423 1793 75
1464 1756 1742 1799 adumbravit

246 1836 282 1864 v.
318 1820 502 1872 16-18,
549 1825 602 1864 de
634 1835 715 1864 suo
747 1827 791 1863 et
822 1835 875 1863 ex
905 1824 1003 1863 aliis
1034 1825 1254 1864 Theocriti
1286 1826 1469 1876 ejusque
1501 1830 1741 1867 assectato-

248 1905 343 1932 rum
375 1893 483 1932 locis
514 1893 693 1940 addens,
726 1893 884 1943 quibus
917 1896 1157 1940 excusaret,
1189 1904 1264 1931 cur
1296 1893 1469 1931 Gallum
1502 1895 1738 1943 opilionem

246 1962 455 2001 finxisset.
514 1961 745 2000 Paululum
786 1961 1036 2000 immutavit
1066 1962 1326 1999 Theocritea
1366 1962 1409 1999 in
1439 1962 1641 2001 versibus
1675 1974 1740 2002 se-

249 2030 496 2082 quentibus.
563 2029 674 2069 Nam
720 2029 773 2068 ab
823 2032 1001 2068 auctore
1043 2029 1281 2068 deflectens
1321 2029 1485 2079 primos
1531 2032 1740 2071 accedere

248 2100 372 2139 finxit
401 2101 613 2150 pastores,
645 2098 869 2148 opiliones,
902 2097 1111 2137 subulcos
1144 2096 1337 2147 (propter
1367 2107 1470 2137 sues
1502 2097 1739 2148 Arcadum)

247 2173 291 2209 et
336 2173 478 2209 semet
520 2169 664 2219 ipsum
697 2170 744 2207 ut
789 2167 1036 2206 bubulcum.
1097 2167 1324 2206 Menalcae
1354 2167 1532 2206 nomine
1564 2173 1739 2217 poetam

246 2242 388 2278 semet
429 2238 727 2288 significasse,
775 2237 882 2276 mihi
923 2246 1183 2287 persuasum
1233 2240 1301 2275 est
1331 2239 1581 2286 propterea,
1625 2239 1738 2288 quod

246 2308 440 2358 alioquin
471 2308 650 2346 nomine
682 2307 855 2356 proprio
886 2316 1066 2356 prorsus
1087 2306 1384 2344 abstinuisset.
1427 2306 1572 2353 Quare
1604 2306 1735 2343 etiam

246 2377 329 2415 hac
360 2375 413 2414 de
446 2384 579 2413 causa
610 2374 857 2412 rectissime
879 2374 1124 2422 Wagnerus
1155 2383 1191 2409 v.
1216 2367 1268 2410 19
1300 2371 1559 2421 scripturam
1591 2372 1742 2412 subulca·

246 2443 482 2482 retinuisse
521 2442 703 2480 videtur.
762 2441 873 2479 Nam
914 2441 974 2478 ibi
1017 2441 1055 2478 si
1086 2450 1238 2479 vocem
1281 2439 1434 2480 bubulci
1469 2440 1736 2490 reponimus,

245 2516 376 2565 poeta
405 2511 557 2553 subulci
584 2511 777 2562 speciem
809 2510 1065 2560 assumpsit,
1104 2509 1220 2561 quod
1252 2521 1429 2549 omnem
1460 2510 1739 2559 probabilita-

245 2585 334 2620 tem
367 2580 548 2619 excedit.
608 2580 655 2617 In
688 2579 763 2625 iis,
803 2589 915 2628 quae
953 2589 990 2616 v,
1021 2574 1074 2615 21
1116 2581 1316 2627 pastores
1358 2578 1589 2629 loquentes
1628 2576 1741 2624 fecit,

245 2649 461 2702 spectavit
492 2652 536 2690 et
556 2649 763 2689 Mercurii
795 2648 1038 2688 orationem
1070 2645 1124 2695 (v.
1147 2642 1219 2695 78)
1253 2651 1296 2687 et
1326 2651 1551 2698 pastorum
1584 2645 1637 2693 (v.
1657 2641 1742 2693 81).

245 2722 341 2759 Hoc
373 2718 655 2757 manifestum
689 2721 756 2756 est
787 2728 838 2755 ex
875 2726 1029 2755 versus
1072 2715 1212 2754 forma
1244 2720 1287 2754 et
1327 2715 1494 2753 ratione
1527 2714 1743 2763 rythmica

247 2786 415 2837 (Omnes,
447 2786 547 2826 unde
579 2798 689 2826 amor
719 2789 797 2833 iste,
826 2792 977 2836 royant,
1008 2782 1105 2824 tibi?
1170 2782 1272 2823 Venit
1305 2784 1434 2835 Apollo
1466 2782 1559 2821 coll.
1591 2775 1743 2829 πάντες

247 2848 485 2909 ἀνηρώτων,
525 2849 565 2891 τί
595 2847 727 2893 πάῇοι
764 2845 908 2892 κακόν·
967 2841 1064 2906 {viv’
1114 2844 1133 2890 ὃ
1164 2847 1390 2903 Πρίηπος),
1431 2850 1538 2888 illud
1579 2861 1602 2887 e
1644 2860 1741 2888 sen-

241 2924 382 2965 tentia
420 2922 677 2963 verborum:
720 2923 820 2963 unde
861 2933 971 2961 amor
1012 2918 1112 2961 iste?
1154 2919 1247 2959 coll.
1286 2914 1348 2967 τίς
1391 2930 1438 2958 τυ
1476 2911 1745 2972 κατατρύχεις
