1911 3215
938 225 966 268 9

192 347 237 386 in
269 346 346 387 ecl.
368 343 470 386 VIII
503 338 786 386 a‘Theocrito
809 344 1049 395 sumpserit
1080 354 1282 396 quaeque
1314 344 1409 394 ipse
1439 346 1624 393 finxerit,
1654 346 1700 385 in

190 419 314 467 parte
340 416 487 467 operis
510 414 706 455 secunda
737 415 1043 454 demonstrare
1066 413 1283 463 conabor;
1315 413 1386 451 hic
1414 413 1522 452 satis
1546 414 1629 453 erit
1650 426 1703 453 ea

196 485 415 534 laudasse,
447 496 560 537 quae
594 483 836 535 disputavit
865 483 1044 523 Lersch.
1075 484 1099 523 1.
1122 483 1146 523 l.
1168 495 1207 533 p.
1232 477 1314 521 192
1337 492 1428 533 sqq.
1461 482 1513 522 de
1545 483 1702 522 ritibus

196 555 383 605 magicis
425 564 451 592 a
481 553 682 603 Vergilio
720 551 1091 591 commemoratis.
1149 553 1199 589 In
1236 550 1405 602 reliquo
1447 551 1702 602 eclogarum

195 633 326 673 opere
373 632 486 673 quae
534 621 758 669 dicuntur,
807 623 885 659 aut
928 620 1068 670 ipsius
1100 620 1289 670 Vergilii
1334 622 1439 659 sunt
1485 618 1570 667 (111.
1609 616 1704 659 103.

200 691 291 730 VII.
311 687 394 739 27),
427 693 503 730 aut
533 691 594 729 ita
626 702 652 729 a
674 690 910 729 Theocrito
933 689 1179 740 desumpta,
1209 692 1259 728 ut
1288 689 1407 728 hunc
1429 699 1529 727 cum
1559 688 1704 727 imita-

196 762 328 807 retur,
359 771 385 798 a
415 759 694 816 popularium
726 758 932 809 opinione
966 769 1054 797 non
1087 758 1313 797 deflexerit
1340 756 1423 805 (IX.
1446 752 1500 795 53
1524 767 1586 808 sq.
1609 757 1704 796 coll.

196 828 377 867 Theocr.
419 828 474 867 id.
504 828 614 868 XIV.
646 823 702 867 22
743 831 787 868 et
825 827 933 868 Plin.
973 828 1026 867 H.
1058 828 1105 867 N.
1137 827 1248 867 VIII.
1279 823 1365 873 34).
1395 847 1452 851 -—
1482 825 1552 865 Ad
1584 837 1704 866 com·

195 898 451 949 parationes
503 901 547 937 et
587 898 806 948 imagines
857 909 881 937 e
931 898 1023 936 vita
1073 897 1239 947 agresti
1288 896 1506 946 petendas
1568 907 1704 947 quum

196 967 376 1006 omnino
409 967 632 1006 Theocriti
679 967 879 1016 exemplo
927 966 1135 1006 incitatus
1175 966 1251 1013 sit,
1301 968 1396 1004 tum
1439 966 1535 1014 ejus
1566 964 1705 1003 verba

193 1039 270 1075 aut
309 1036 523 1076 imitando
568 1036 786 1085 expressit
817 1038 893 1074 aut
925 1038 1042 1074 certe
1085 1035 1301 1084 spectavit
1344 1034 1421 1072 ecl.
1453 1034 1502 1072 II.
1536 1028 1600 1072 18.
1633 1030 1704 1080 (id.

193 1105 240 1144 X.
272 1099 329 1143 28
359 1115 421 1155 sq.
479 1104 628 1143 XXIII.
659 1098 716 1143 28
747 1102 856 1155 sqq.)
894 1099 949 1143 63
982 1113 1073 1155 sqq.
1116 1101 1179 1151 (X.
1211 1098 1268 1142 30
1300 1101 1379 1154 sq.)
1422 1102 1490 1141 III.
1521 1096 1579 1141 80
1611 1112 1703 1153 sqq.

197 1170 325 1220 (VIII.
356 1168 412 1211 57
443 1171 535 1224 sq),
566 1173 617 1212 V.
650 1168 705 1211 16
736 1183 827 1224 sqq.
861 1171 927 1221 (V.
958 1168 1009 1211 91
1046 1183 1139 1223 sqq.
1200 1173 1289 1211 XII.
1320 1168 1346 1210 3
1380 1169 1489 1223 sqq.)
1520 1167 1577 1209 32
1610 1181 1703 1222 sqq.

197 1239 323 1289 (VIII.
365 1236 422 1280 78
453 1252 516 1292 sq.
575 1241 726 1280 XVIII.
758 1237 814 1281 29
846 1237 954 1292 sqq.)
994 1236 1049 1279 45
1082 1250 1174 1292 sqq.
1220 1239 1264 1287 (I.
1296 1236 1323 1278 7
1355 1250 1416 1290 sq.
1477 1239 1587 1278 VIII.
1619 1235 1703 1285 77.)

195 1304 252 1349 82
285 1320 377 1361 sqq.
410 1307 455 1357 (Ι.
486 1306 514 1348 7
536 1307 615 1360 sq.)
647 1310 738 1349 VII.
768 1306 825 1348 37
846 1320 907 1360 sq.
942 1308 1026 1356 (XI.
1057 1304 1114 1348 20
1136 1307 1227 1359 sq.).
1266 1304 1318 1346 51
1345 1318 1405 1358 sq.
1440 1307 1523 1355 (IX.
1558 1304 1611 1346 12
1642 1317 1705 1358 sq.

193 1373 249 1416 20
279 1375 358 1428 sq.)
392 1372 447 1415 65
480 1387 571 1427 sqq.
604 1374 770 1424 (XVIII.
800 1373 857 1416 29
888 1374 966 1427 sq.)
998 1377 1046 1415 X.
1077 1372 1145 1414 39.
1190 1375 1253 1420 (X.
1285 1371 1382 1422 28),
1415 1372 1468 1414 73
1502 1387 1562 1426 sq.
1596 1374 1703 1423 (VII.

192 1440 249 1484 96
280 1442 370 1496 sq).
428 1445 572 1496 Ipsius
603 1445 784 1496 ingenio
816 1444 1078 1484 tribuendae
1111 1448 1226 1491 sunt,
1259 1455 1368 1496 quas
1400 1444 1594 1494 legimus
1627 1444 1704 1483 ecl.

194 1514 221 1549 I.
256 1509 311 1549 23
344 1522 435 1561 sqq.
496 1513 565 1550 III.
595 1507 652 1549 82
684 1521 746 1561 sq.
806 1512 897 1551 VII.
927 1509 981 1549 41
1015 1522 1108 1574 sqq.
1138 1508 1191 1549 61
1226 1523 1318 1562 sqq.
1377 1513 1424 1549 X.
1456 1507 1512 1549 29
1544 1522 1606 1562 sq.
1637 1507 1704 1550 54.

194 1579 282 1621 Ecl.
313 1579 425 1621 VIII.
456 1574 511 1619 85
544 1590 636 1632 sqq.
686 1583 789 1620 ante
821 1581 972 1621 oculos
1020 1581 1175 1621 habuit
1205 1581 1327 1620 Varii
1366 1591 1543 1629 versus,
1593 1590 1704 1632 quos

194 1649 346 1688 citavit
375 1643 567 1688 Macrob.
600 1649 773 1689 Saturn.
804 1650 874 1688 VI.
906 1646 943 1688 2.
973 1645 1031 1688 20
1062 1650 1126 1688 ed.
1155 1651 1253 1689 Jan.
1314 1651 1361 1689 In
1395 1649 1601 1689 omnibus
1633 1649 1703 1688 his

193 1718 465 1770 imaginibus
508 1719 702 1770 exceptis
745 1719 819 1759 ecl.
853 1720 935 1759 VII
975 1730 1061 1760 vss.
1091 1716 1145 1759 41
1179 1730 1271 1772 sqq.
1317 1723 1360 1759 et
1390 1716 1442 1759 51
1477 1731 1550 1771 sq„
1593 1729 1703 1770 quas

196 1788 299 1827 data
330 1798 465 1837 opera
494 1788 626 1837 paulo
659 1789 908 1838 asperiores
941 1788 1126 1836 effinxit,
1166 1791 1342 1839 praeter
1372 1789 1482 1827 alias
1514 1788 1703 1826 virtutes

197 1855 311 1896 infra
343 1857 757 1897 commemorandas
788 1857 1012 1908 insignem
1045 1859 1310 1897 suavitatem
1343 1870 1393 1897 ac
1425 1856 1705 1896 dulcedinem

195 1925 324 1972 cerni,
356 1935 446 1964 non
479 1928 547 1965 est
577 1926 694 1977 quod
726 1926 906 1966 uberius
939 1927 1185 1975 ostendam,
1217 1938 1351 1979 quum
1379 1928 1475 1976 jam
1506 1924 1705 1964 animad-

192 2003 372 2032 versum
411 1993 469 2032 sit
506 2006 532 2032 a
562 1980 897 2033 Finkensteinio
931 1995 1135 2034 Arethus.
1176 2007 1214 2045 p.
1247 1991 1313 2034 50.
1347 2017 1403 2020 -—
1433 1995 1466 2033 E
1507 1994 1705 2033 locorum

195 2060 386 2113 denique
418 2061 799 2112 descriptionibus,
831 2062 876 2101 in
908 2062 1067 2114 quibus
1100 2066 1144 2102 et
1175 2063 1284 2113 ipsis
1314 2067 1541 2103 auctorem
1574 2072 1705 2102 suum

194 2131 443 2170 aemulatus
489 2133 577 2178 est,
625 2120 907 2181 potissimum
953 2143 1031 2171 eae
1063 2132 1263 2171 veritatis
1309 2132 1487 2171 laudem
1527 2132 1705 2178 habent,

197 2210 309 2249 quae
332 2199 387 2237 ad
408 2202 567 2249 poetae
588 2200 819 2250 praedium
840 2200 1074 2249 pertinent,
1105 2201 1133 2240 I.
1156 2197 1221 2239 47.
1244 2211 1336 2252 sqq.
1368 2201 1458 2240 VII.
1481 2196 1545 2239 11.
1576 2200 1644 2238 IX.
1666 2195 1703 2237 7.

196 2266 322 2315 Quod
354 2267 399 2306 in
431 2267 612 2319 reliquis
643 2268 929 2319 reprehendit
949 2268 1216 2320 Ladewigus
1247 2269 1381 2320 praef.
1413 2282 1450 2320 p.
1474 2269 1594 2316 VIII,
1628 2277 1704 2307 eas

196 2334 342 2373 minus
376 2345 610 2384 expressas
643 2348 694 2375 ae
726 2336 957 2376 distinctas
990 2337 1162 2385 dicens,
1195 2338 1353 2376 cadere
1386 2337 1518 2377 credo
1550 2337 1594 2375 in
1626 2336 1703 2375 ecl.

197 2404 265 2444 III.
297 2398 353 2442 57
383 2414 475 2455 sqq.
534 2404 583 2444 X.
613 2400 670 2443 42
703 2415 816 2457 sqq,
856 2418 1124 2457 quamquam
1163 2418 1218 2445 ne
1251 2407 1296 2445 hi
1336 2407 1515 2457 quidem
1545 2416 1704 2445 versus

195 2472 288 2511 suis
332 2471 538 2511 laudibus
585 2475 756 2520 carent,
807 2483 895 2512 non
942 2474 1059 2512 cadit
1112 2474 1157 2513 in
1204 2474 1279 2513 ecl.
1321 2474 1371 2514 V.
1410 2470 1436 2514 5
1474 2485 1567 2527 sqq.
1637 2474 1705 2513 IX.

192 2537 250 2581 40
280 2553 393 2593 sqq,
434 2541 508 2594 qui
550 2553 649 2581 cum
688 2542 743 2582 ad
775 2542 998 2582 Theocriti
1036 2543 1091 2582 id.
1123 2544 1152 2583 Ι.
1183 2540 1236 2583 21
1271 2554 1364 2596 sqq.
1424 2545 1493 2584 XI.
1524 2540 1581 2583 42
1613 2554 1704 2595 sqq.

193 2608 296 2648 facti
356 2610 463 2658 sint,
525 2611 706 2650 easdem
761 2623 859 2650 cum
923 2611 1009 2650 illis
1059 2612 1246 2652 virtutes
1311 2622 1571 2652 communes
1629 2613 1704 2651 ha-

194 2677 310 2717 bent.
350 2678 464 2718 Vide
497 2680 632 2719 etiam
666 2679 909 2720 Greverum
940 2680 964 2719 1.
996 2680 1019 2720 l.
1051 2693 1090 2731 p.
1122 2677 1178 2720 72
1210 2691 1271 2733 sq.
1305 2685 1348 2721 et
1380 2682 1436 2721 ad
1468 2685 1703 2732 utrumque

195 2747 341 2786 locum
373 2759 487 2798 quae
520 2749 749 2788 adnotavit
780 2750 980 2788 Vossius.

306 2815 374 2856 Ab
406 2816 461 2856 iis
505 2818 659 2869 rebus,
712 2829 822 2872 quas
854 2830 943 2859 non
994 2820 1142 2861 minus
1184 2820 1228 2860 in
1270 2818 1701 2861 confabulationibus

194 2897 327 2937 quam
359 2885 403 2924 in
435 2886 669 2927 cantilenis
697 2891 925 2938 pastorum
956 2889 1075 2928 vitae
1105 2889 1339 2928 veritatem
1370 2888 1570 2927 redolere
1603 2888 1701 2936 dixi,

187 2954 283 3004 Jam
323 2955 504 3006 propius
544 2955 600 2995 ad
639 2956 738 3007 ipsa
775 2957 946 2998 cantica
978 2958 1256 2999 descendam.
1318 2959 1415 3008 Quo
1455 2959 1500 2998 in
1533 2969 1697 3011 genere
