1911 3215
971 107 1028 154 28

248 239 333 280 que
353 237 511 267 versus
543 228 777 267 collatione
800 225 914 266 clare
947 227 1130 278 apparet
1140 222 1187 275 *)‚
1220 235 1329 270 usus
1353 224 1531 278 generis
1551 225 1755 268 neutrius

251 298 408 350 lonyum
427 308 506 348 pro
530 298 639 350 lonyc
658 296 791 347 positi
812 291 1038 336 e01.111.79
1060 291 1361 343 (efiid.11.142.
1391 295 1462 336 IV.
1475 291 1541 344 37,
1563 295 1641 334 ubi
1661 296 1756 347 ipse

247 366 473 406 Ameisius
517 356 562 406 in
603 362 965 416 interpretatione
1004 363 1159 417 longum
1199 364 1394 415 scripsit,
1436 376 1536 405 cum
1565 364 1755 408 Ahrens.

246 436 353 476 Phil.
385 436 409 475 1.
440 436 465 475 l.
496 448 535 486 p.
556 432 669 482 427),
702 433 818 485 quod
849 433 1063 472 Horatius
1095 444 1271 486 quoque
1303 436 1380 473 art.
1409 436 1525 484 poet.
1555 444 1593 475 v.
1613 429 1700 474 459
1731 445 1755 475 e

251 503 422 544 Graeco
463 504 724 554 assumpsit,
774 504 923 543 omissio
958 502 1183 555 particulae
1222 504 1478 556 comparandi
1514 503 1590 543 ecl.
1610 503 1678 545 IX.
1699 499 1756 544 36

251 570 319 620 (cf.
349 573 404 613 id.
427 573 536 612 XIV.
567 567 633 613 38.
664 567 729 620 51,
762 582 1032 624 quamquam
1063 571 1117 612 de
1147 572 1292 623 priore
1315 572 1449 612 etiam
1479 583 1599 612 nunc
1628 572 1758 613 aliter

249 642 383 681 sentit
415 638 701 689 Ahrensius),
743 640 934 692 denique
974 646 1056 680 tota
1091 642 1243 693 periodi
1282 642 1533 694 conformatio
1575 641 1652 683 ecl.
1683 641 1754 683 IV.

249 706 303 749 53
325 720 427 761 sqq.
469 710 532 748 Ea
564 710 682 750 enim
711 713 803 748 tam
836 708 992 747 similis
1025 712 1093 747 est
1125 709 1176 756 ei,
1208 720 1322 759 quae
1348 710 1543 750 «habetur
1572 711 1755 752 Theocr.

246 778 301 818 id.
331 779 379 818 X.
400 774 466 819 32.
497 774 563 827 33,
595 781 643 817 ut
674 777 881 830 equidem
911 788 1001 817 non
1032 776 1241 825 dubitem,
1273 777 1379 828 quin
1409 779 1649 830 Vergilius,
1681 781 1755 832 qui

245 850 336 888 tarn
366 847 541 896 penitus
575 847 703 897 quasi
733 846 958 884 imbiberit
987 845 1124 884 verba
1155 846 1397 894 Theocriti,
1428 847 1544 887 hanc
1576 859 1753 902 quoque

245 915 298 956 ab
332 926 383 955 eo
417 914 750 966 deprompserit.
810 914 978 954 Eadem
1016 913 1207 954 fortasse
1247 914 1478 955 inferenda
1519 920 1588 956 est
1618 918 1753 957 etiam

245 984 289 1022 in
321 984 375 1021 id.
406 984 474 1021 XI.
505 980 572 1022 73.
631 983 772 1021 Multo
804 982 959 1020 fortior
991 985 1108 1021 certe
1140 983 1281 1022 oratio
1315 986 1402 1031 est,
1445 983 1483 1023 si
1515 993 1539 1024 e
1570 982 1662 1024 cod.
1693 982 1752 1025 M.

245 1052 473 1102 reponitur
522 1043 616 1092 αἴθ’
670 1061 749 1101 pro
800 1043 908 1100 αἴκ’,
966 1050 1084 1102 quod
1136 1050 1325 1091 suadere
1380 1052 1556 1092 videtur
1615 1052 1751 1092 etiam

246 1120 433 1159 imitatio
465 1119 654 1170 Vergilii
686 1119 761 1159 ecl.
784 1120 832 1159 Ιῐ.
853 1115 919 1159 71.
961 1119 1102 1170 „Quin
1132 1122 1181 1159 tu
1212 1120 1379 1173 aliquid
1411 1121 1569 1160 saltem
1599 1120 1749 1172 potius

246 1186 358 1237 etc.“,
400 1192 443 1228 et
485 1188 539 1227 ad
581 1188 796 1228 amussim
832 1189 1073 1239 respondet
1113 1189 1241 1230 Hom.
1273 1191 1322 1230 II.
1352 1202 1390 1242 χ.
1417 1186 1484 1230 41.
1513 1186 1580 1229 42.
1638 1190 1749 1229 ΝοΙο

243 1262 392 1297 autem
424 1258 507 1296 hoc
538 1257 634 1296 loco
668 1257 844 1296 silentio
875 1256 1115 1307 praeterire
1137 1256 1325 1297 Ameisii
1355 1257 1502 1306 verba,
1534 1269 1647 1310 quae
1680 1269 1751 1298 ex-

243 1326 387 1366 hibuit
418 1325 528 1376 spic.
559 1338 598 1376 p.
628 1321 666 1366 6.
724 1325 903 1366 Putavit
941 1326 1062 1366 enim
1091 1327 1159 1366 vir
1190 1326 1495 1375 doctissimus,
1538 1327 1752 1377 exemplis

240 1394 524 1443 Vergilianis,
557 1405 670 1445 quae
702 1393 980 1443 collegerunt
1012 1394 1212 1444 Wagner.
1244 1395 1289 1434 in
1320 1395 1391 1434 IV.
1412 1390 1440 1434 6
1472 1399 1515 1434 et
1545 1395 1675 1436 Jahn.
1706 1395 1752 1435 in

241 1462 312 1503 VI.
343 1458 396 1502 61
436 1461 613 1502 defendi
656 1473 790 1513 posse
826 1462 1009 1503 Theocr.
1045 1462 1097 1503 V.
1128 1457 1201 1513 38,
1247 1464 1292 1504 in
1330 1476 1417 1516 quo
1455 1476 1533 1515 pro
1570 1459 1645 1505 καί
1681 1464 1751 1503 bis

242 1532 386 1582 posito
418 1532 604 1570 verbum
643 1532 882 1582 repetitum
921 1534 989 1570 est
1030 1533 1075 1569 et
1116 1532 1255 1571 semel
1285 1533 1330 1571 in
1366 1533 1512 1584 priore
1550 1533 1750 1573 membro

240 1600 386 1651 posita
434 1600 662 1650 particula.
721 1601 849 1639 Hanc
890 1600 1159 1640 sententiam
1207 1600 1399 1641 fortasse
1441 1602 1537 1652 ipse
1578 1602 1749 1650 abjecit,

242 1669 296 1708 iis
327 1672 566 1719 permotus,
600 1680 713 1720 quae
746 1668 921 1718 scripsit
952 1668 1203 1708 Ahrensius
1232 1669 1341 1710 Phil.
1372 1669 1397 1710 l.
1429 1669 1454 1709 l.
1484 1683 1523 1721 p.
1549 1664 1636 1709 438
1658 1680 1749 1722 sqq.

239 1737 297 1778 At
327 1738 437 1777 mihi
474 1749 530 1777 ne
568 1738 702 1786 hujus
735 1737 915 1789 quidem
945 1737 1028 1777 viri
1059 1738 1375 1788 spectatissimi
1408 1740 1663 1788 conjectura
1693 1739 1748 1778 ab

241 1806 361 1847 omni
397 1808 522 1856 parte
555 1805 781 1845 satisfacit.
842 1805 1056 1845 Offendor
1086 1806 1206 1845 enim
1238 1805 1502 1858 gravissime
1533 1806 1750 1858 particula

238 1887 296 1916 κα
325 1875 370 1914 in
402 1876 485 1915 hac
515 1875 782 1926 proverbiali
811 1875 1037 1915 locutione
1068 1878 1302 1925 usurpata,
1342 1875 1475 1926 idque
1508 1887 1560 1915 eo
1592 1876 1748 1926 magis,

239 1944 356 1995 quod
389 1944 452 1983 sic
492 1945 559 1983 vis
591 1955 642 1983 ac
688 1946 890 1995 potestas
935 1943 1113 1994 repetiti
1148 1943 1272 1983 verbi
1316 1943 1565 1983 infirmatur
1595 1947 1639 1983 et
1686 1944 1751 1983 in-

238 2012 456 2063 fringitur.
516 2014 613 2053 Hoc
649 2013 744 2063 ipse
785 2012 1034 2053 Ahrensius
1071 2012 1274 2060 vidisset,
1313 2012 1401 2051 nisi
1436 2015 1561 2051 tanto
1600 2023 1750 2051 amore

239 2081 358 2119 illam
390 2081 654 2130 particulam
699 2092 790 2119 una
835 2091 937 2118 cum
981 2080 1243 2129 pronomine
1286 2075 1308 2118 ἑ
1351 2079 1580 2128 amplexus
1619 2082 1749 2124 esset.

239 2148 392 2199 Itaque
423 2147 649 2198 reputanti
680 2147 801 2197 mihi,
832 2147 878 2188 in
910 2147 1032 2188 codd.
1064 2147 1114 2188 Κ.
1134 2147 1179 2188 P.
1213 2149 1258 2187 et
1288 2147 1406 2198 apud
1436 2147 1594 2190 Joann.
1624 2147 1748 2188 Dam.

242 2217 334 2267 legi
366 2208 421 2263 ὥς
449 2228 505 2264 τε,
536 2217 648 2256 haec
680 2218 936 2264 conjectura
966 2217 1011 2255 in
1042 2219 1239 2255 mentem
1269 2217 1410 2255 venit:

349 2280 507 2337 ιὲρέψαι
537 2276 619 2337 μὰν
654 2282 848 2334 λυκιδεῖς,
877 2280 1049 2338 ἓςρέψαι,
1079 2277 1219 2335 κυνάς,
1250 2277 1306 2332 ὥς
1334 2280 1381 2326 τέ
1411 2278 1606 2337 φάγωντι.

331 2438 360 2481 *)
386 2438 493 2472 Hanc
520 2448 593 2472 non
625 2438 745 2473 levem
770 2448 922 2473 causam
947 2448 1032 2473 esse
1065 2440 1169 2482 puto,
1202 2438 1448 2480 quamobrem
1473 2435 1642 2479 vulgaris
1667 2445 1751 2469 ver-

167 2536 172 2539 -
237 2496 371 2529 borum
397 2495 673 2538 interpunctio,
700 2506 810 2538 quam
836 2496 996 2529 mutavit
1021 2493 1252 2533 Ahrensius,
1287 2492 1486 2527 retinenda
1511 2503 1596 2527 esse
1621 2492 1750 2527 videa·

237 2554 308 2585 tur.
330 2552 493 2587 -Accedit
511 2552 614 2599 aliud
633 2555 895 2595 argumentum
913 2553 952 2587 in
971 2562 1148 2586 versuum
1168 2550 1421 2585 concinnitate
1442 2550 1619 2594 positum,
1638 2561 1749 2594 quam
1768 2572 1769 2575 =

239 2608 315 2642 scio
344 2608 464 2642 virum
500 2608 770 2652 amplissimum
801 2609 883 2642 aliis
914 2609 1007 2644 locis
1040 2607 1191 2653 plurimi
1222 2607 1371 2642 fecisse.
1420 2606 1523 2642 Hace
1555 2607 1629 2641 duo
1661 2606 1750 2641 mihi

240 2664 427 2700 infirmare
453 2665 631 2700 videntur
657 2665 761 2709 quod
795 2676 879 2700 cum
911 2666 958 2700 ad
983 2665 1201 2700 mutandam
1233 2664 1575 2708 interpunctionem
1600 2673 1731 2708 permo

239 2721 339 2756 visse
366 2723 549 2766 suspicor.
601 2722 754 2757 Scilicet
787 2722 1009 2768 plerumque
1034 2721 1222 2768 eJusmodi
1254 2721 1437 2759 formulae
1463 2733 1538 2758 non
1563 2721 1748 2757 collocan-

238 2782 300 2814 tur
324 2779 360 2814 in
387 2780 577 2816 enunciati
602 2779 799 2825 principio.
843 2780 895 2814 Cf.
922 2784 1075 2824 praeter
1093 2780 1374 2814 Wuestemann.
1401 2778 1675 2815 Schneidewin.
1702 2779 1750 2813 ad

239 2837 411 2881 Sophocl.
437 2837 528 2872 Phil.
555 2837 632 2872 989.

1873 848 1891 891 <³³³3
1860 634 1885 836 «ι’-ἢὸὸῗῆἣθκιέ,ᾌχ
1870 585 1888 621 ,βψ
1877 572 1880 574 .
1872 560 1874 562 ·
1861 509 1875 547 ''³''
