1911 3215
917 133 976 178 69

195 249 448 300 Menalcae,
485 262 523 292 v.
553 246 737 290 57-—60
765 251 987 302 Daphnidi
1017 251 1238 291 tribuendi
1278 252 1369 291 sint
1405 256 1449 291 et
1480 252 1692 294 exciderit

195 318 491 371 antistropha,
522 331 634 373 quae
666 320 869 360 versibus
898 315 1079 369 49—-52‚
1111 320 1312 371 stropha,
1342 331 1454 373 quae
1484 321 1687 364 versibus

196 384 384 431 57--60
420 390 720 441 responderet.
779 389 889 428 Eam
931 389 1177 440 stropham,
1229 400 1343 441 quae
1386 391 1545 430 excidit
1586 394 1690 431 ante

194 468 349 498 versus
371 453 552 507 57-60‚
569 459 736 509 legisse
757 461 802 497 et
823 457 977 497 risisse
997 457 1170 497 videtur
1191 457 1486 497 Callimachus
1510 471 1574 509 ep.
1594 460 1689 500 LV:

400 553 457 592 τὸν
481 554 520 592 τὸ
546 552 646 592 καλὸν
672 553 882 600 μελανεῦντα
906 552 1100 600 Θεόκριτον,
1127 555 1155 591 εἰ
1180 554 1241 600 μὲν
1267 553 1323 601 ἔμ’
1346 555 1453 602 ἔχθει,

445 610 586 657 τετράκι
609 612 759 656 μισοίης,
785 612 815 647 εἰ
837 610 876 647 δὲ
901 614 1005 656 φιλεῖ,
1030 611 1171 656 φιλέοις.

401 668 493 714 ναίχι
516 667 601 713 πρὸς
625 664 793 714 εὖχαίτεω
818 666 1053 713 Γανυμήδεος,
1081 663 1219 712 οὗροὶνιε
1245 668 1326 710 Ζεῦ,

445 724 503 760 καὶ
529 722 571 760 σύ
596 721 673 760 ποτ’
704 722 873 769 ἠράσθης.
898 722 962 760 οὐκ
985 724 1036 759 ἔτι
1060 724 1177 769 μακρὰ
1200 724 1299 768 λέγω.

311 819 407 860 Non
458 821 576 861 enim
626 821 776 870 credo,
825 832 863 861 v.
893 816 919 860 3
952 820 1288 868 Callimachum,
1340 832 1454 872 quae
1492 825 1561 861 est
1597 832 1695 861 sen-

198 889 338 928 tentia
377 890 460 930 viri
490 891 599 930 mihi
629 901 901 941 magnopere
933 890 1124 937 colendi,
1173 890 1423 937 Fritzschii,
1476 890 1500 930 1.
1532 891 1556 930 1.
1586 903 1625 941 p.
1655 887 1694 940 6,

198 957 252 997 id.
282 958 370 997 XII.
401 954 476 1007 35,
520 959 598 998 sed
638 960 865 1009 stropham
904 971 1022 999 nunc
1051 958 1269 1009 perditam
1300 962 1403 997 ante
1435 959 1587 998 oculos
1619 960 1695 998 ha-

194 1026 362 1074 buisse,
413 1028 458 1065 in
505 1038 593 1077 qua
630 1027 857 1065 Menalcas
903 1027 1030 1075 pueri
1073 1036 1272 1064 amorem
1322 1026 1524 1074 exemplo
1567 1028 1695 1066 Jovis

194 1092 499 1143 Ganymedem
546 1093 816 1144 deperientis
867 1091 1148 1140 excusavit*).
1219 1092 1284 1131 De
1332 1094 1534 1143 stropha,
1583 1106 1697 1145 quae

194 1161 340 1201 media
389 1162 620 1211 interjecta
665 1165 752 1210 est,
803 1173 893 1201 non
945 1172 1130 1211 possum
1172 1161 1396 1209 judicare,
1445 1161 1533 1200 nisi
1579 1162 1699 1202 aliud

196 1229 406 1282 quiddam
435 1233 696 1281 persecutus
728 1229 874 1279 fuero,
926 1230 1044 1283 quod
1083 1230 1129 1270 in
1169 1229 1254 1269 hoc
1291 1230 1486 1270 carmine
1518 1231 1700 1271 maximi

195 1300 409 1339 momenti
477 1311 577 1341 esse
644 1303 763 1350 puto.
853 1301 1037 1339 Poetam
1116 1299 1260 1346 enim,
1341 1299 1700 1351 quandoquidem

190 1367 471 1418 Daphnidem
508 1368 699 1418 pretium
739 1368 996 1407 certaminis
1036 1367 1209 1407 auferre
1239 1367 1399 1415 voluit,
1449 1368 1494 1407 in
1527 1379 1580 1408 eo
1612 1369 1699 1409 ela-

192 1435 377 1476 borasse
409 1440 761 1476 consentaneum
793 1439 881 1484 est,
930 1439 979 1475 ut
1008 1436 1143 1483 hujus
1175 1436 1404 1485 ingenium
1437 1448 1702 1489 morumque

193 1504 365 1543 indoles
396 1515 502 1554 prae
530 1504 762 1543 Menalcae
793 1503 958 1542 arbitro
994 1503 1169 1553 placere
1198 1507 1363 1553 posset.
1421 1504 1703 1556 Negligenda

198 1574 349 1611 autem
380 1575 501 1611 esset
536 1572 647 1612 haec
682 1582 754 1611 res
774 1571 1013 1622 potiusque
1044 1572 1107 1610 sic
1128 1571 1493 1621 existimandum,
1523 1570 1703 1624 poetam

193 1639 315 1680 illam
346 1651 520 1680 morum
551 1640 855 1679 diversitatem
885 1639 930 1678 in
962 1640 1016 1679 iis
1047 1640 1272 1685 versibus,
1319 1650 1431 1690 quos
1469 1644 1701 1682 certamini

193 1708 478 1757 praemittere
517 1708 678 1754 voluit,
727 1707 979 1757 significare
1022 1707 1257 1755 statuisse,
1308 1708 1394 1747 nisi
1435 1708 1479 1748 id
1518 1709 1563 1749 in
1600 1711 1698 1761 ipso

194 1779 327 1816 cantu
355 1775 521 1815 factum
552 1786 669 1822 esse,
706 1775 933 1814 luculenta
964 1776 1095 1825 signa
1126 1780 1363 1815 exstarent.
1422 1777 1535 1816 Nam
1566 1779 1612 1817 in
1643 1780 1698 1817 iis

194 1843 406 1893 strophis,
439 1854 552 1894 quae
582 1843 795 1893 leguntur
835 1852 921 1882 vss.
952 1838 1006 1881 33
1028 1862 1084 1867 —-
1103 1836 1179 1890 48,
1229 1842 1433 1883 videmus
1464 1843 1696 1885 Menalcae

195 1912 332 1951 verba
372 1911 642 1951 sublimitate
683 1910 862 1961 quidem
900 1910 976 1949 illa
1007 1914 1051 1949 et
1087 1911 1471 1961 magniloquentia
1502 1900 1699 1963 insignia

195 1989 313 2027 esse,
345 1980 424 2019 sed
455 1979 510 2018 ob
544 1978 810 2017 suavitatem
842 1980 886 2016 et
916 1977 1181 2017 modestiam
1217 1978 1363 2028 magis
1396 1975 1697 2019 commendari

193 2047 441 2099 Daphnidis
472 2046 728 2087 orationem.
769 2045 891 2084 Haec
917 2056 1089 2084 morum
1121 2046 1417 2096 discrepantia
1449 2059 1582 2098 quum
1616 2048 1695 2087 tol-

195 2117 313 2156 latur
341 2120 385 2155 et
413 2114 749 2167 pessumdetur,
800 2114 856 2161 si,
904 2114 1020 2166 quod
1059 2113 1164 2154 fecit
1192 2114 1462 2163 Ahrensius‚
1512 2119 1693 2156 secutus

193 2185 504 2224 auctoritatem
537 2184 631 2223 Viri
661 2182 789 2222 Docti
819 2182 865 2221 in
882 2181 1062 2232 Ephem.
1086 2182 1214 2222 Goth.
1238 2178 1358 2222 1803.
1383 2196 1421 2223 n.
1442 2179 1508 2231 22,
1540 2185 1693 2224 sedem

195 2248 405 2291 versuum
434 2247 605 2290 41-43
637 2254 682 2289 et
709 2245 881 2289 45—47
910 2251 1328 2300 permutaverimus,
1360 2251 1469 2289 nihil
1499 2251 1570 2289 hic
1601 2262 1695 2290 mu-

195 2319 379 2359 tandum
410 2328 511 2357 esse
543 2328 704 2357 censeo
734 2319 911 2367 praeter
940 2328 1089 2364 unum,
1122 2317 1237 2368 quod
1269 2317 1410 2356 suasit
1430 2317 1693 2357 Meinekius.

194 2389 323 2428 Hunc
368 2386 486 2426 enim
527 2389 645 2426 recte
693 2385 906 2425 statuisse
957 2384 1132 2435 opinor,
1183 2395 1360 2424 versum
1399 2381 1454 2424 43
1496 2386 1542 2425 in
1583 2386 1693 2426 anti-

196 2456 446 2508 stropham,
496 2466 673 2495 versum
715 2450 772 2494 47
811 2455 856 2494 in
903 2453 1131 2504 stropham
1179 2453 1535 2494 transferendum
1583 2465 1692 2494 esse.

285 2626 313 2666 *)
341 2623 381 2658 Si
407 2633 536 2659 verum
563 2626 641 2663 est,
677 2623 716 2657 id
741 2621 805 2657 111.
831 2622 872 2656 35
899 2632 953 2667 sq.
980 2631 1107 2656 veram
1139 2632 1340 2667 personam
1375 2632 1530 2666 eamque
1555 2624 1691 2665 poetae

193 2681 349 2717 amicam
374 2680 594 2725 significari,
620 2682 735 2716 verba
761 2679 974 2714 Callimachi
999 2678 1057 2715 τὸν
1079 2678 1118 2715 τὲ
1144 2678 1248 2715 καλὸν
1275 2682 1486 2723 μελανεῦντα
1509 2677 1692 2722 Θεόκριτον

200 2740 248 2774 ad
273 2739 371 2773 hunc
394 2738 516 2773 locum
542 2740 717 2782 spectare
741 2737 927 2771 videntur.
975 2735 1103 2770 Potuit
1139 2738 1236 2770 enim
1271 2738 1473 2780 propterca
1509 2738 1623 2780 poeta
1648 2736 1694 2769 ab

202 2796 353 2844 aequali
379 2795 535 2843 pulchre
568 2796 747 2840 niqricans
783 2793 926 2833 vocari,
965 2794 1067 2838 quod
1098 2793 1258 2838 puellam
1284 2793 1383 2837 nigri
1408 2792 1545 2826 coloris
1571 2792 1608 2826 in
1634 2793 1697 2827 de-

202 2855 299 2890 liciis
323 2855 491 2890 haberet.
540 2852 618 2888 Nec
642 2854 770 2887 tamen
794 2851 879 2888 huic
905 2850 1071 2896 opinioni
1095 2850 1250 2886 multum
1273 2849 1483 2885 tribuerim.
