1911 3215
931 129 990 172 47

205 256 250 292 et
269 251 698 303 hephthemimeren,
721 248 852 287 tertia
876 251 947 288 est
969 259 1033 297 ea,
1050 260 1184 301 quam
1206 241 1450 304 βουκολικήν
1472 249 1716 300 appellant3

205 333 319 374 quae
349 323 506 375 quarto
538 318 651 371 pede
685 328 864 370 semper
904 327 1088 358 sensum
1139 316 1376 357 claudente
1428 317 1718 369 distinguitur

204 390 394 444 ideoque
425 402 452 429 a
483 387 667 428 Graecis
708 388 772 427 sic
812 386 1078 437 appellatur,
1121 385 1235 438 quod
1278 385 1468 425 bucolici
1508 387 1716 426 carminis

203 461 314 501 haec
342 461 415 500 lex
445 459 521 507 sit,
562 460 612 497 ut
640 466 798 497 versus
830 457 928 506 ejus
960 467 1014 496 ea
1044 455 1357 496 observatione
1389 454 1622 504 formetur,
1664 459 1715 495 ut

205 532 310 570 ante
341 528 453 567 duos
480 527 662 566 ultimos
695 528 852 578 quarto
884 526 997 576 pede
1034 526 1244 565 terminet
1274 527 1352 564 aut
1401 527 1573 574 partem
1623 536 1719 564 ora-

212 597 346 637 tionis
378 598 456 636 aut
485 605 680 643 sensum,
713 605 846 646 quam
876 594 1025 645 legem
1055 605 1134 645 per
1165 603 1297 633 omne
1329 603 1441 644 opus
1473 592 1543 633 sui
1565 593 1720 632 carmi-

207 667 277 708 nis
309 665 571 706 Theocritus
614 664 937 716 Syracusanus,
980 664 1174 715 exceptis
1212 663 1354 703 tribus
1397 665 1474 703 aut
1513 665 1723 715 quattuor

208 735 349 776 ferme
379 734 584 774 versibus
619 731 788 783 (laudat
817 733 873 773 id.
904 733 933 773 Ι.
964 744 1001 773 v.
1032 727 1089 772 28
1120 735 1164 772 et
1193 728 1269 781 39,
1311 732 1391 772 sed
1419 731 1584 773 falsum
1622 742 1722 773 esse

212 803 576 855 grammaticum,
612 803 709 851 jam
751 801 1031 842 Camerarius
1062 800 1190 850 vidit,
1231 801 1359 850 cujus
1398 800 1536 841 verba
1575 800 1724 841 attulit

212 869 446 919 Gaisford.)
480 871 684 911 custodit.
745 869 804 909 At
833 873 987 910 noster
1016 870 1141 926 Maro
1173 869 1295 909 haud.
1324 870 1397 918 ita,
1429 869 1547 921 quod
1573 873 1722 910 utrum

209 940 481 994 scrupulosum
511 952 564 980 an
592 951 883 992 supervacuum
913 940 1083 987 duxerit,
1122 941 1200 991 ipse
1239 940 1362 986 norit,
1405 938 1523 990 quod
1564 938 1722 979 Graeci

209 1011 468 1057 sanxerunt,
519 1019 576 1048 ne
624 1018 729 1059 pars
790 1007 1003 1048 orationis
1062 1011 1139 1047 aut
1196 1016 1342 1047 sermo
1399 1007 1577 1059 integer
1631 1007 1721 1048 ullo

206 1076 332 1118 verbi
362 1075 546 1118 discidio
578 1075 903 1117 interveniente
934 1075 1255 1127 sejungeretur,
1286 1076 1515 1127 tamquam

651 1149 766 1186 Forte
792 1151 862 1186 sub
888 1151 1026 1196 arguta
1051 1149 1278 1187 consederat

209 1228 508 1266 tetrametrus.
569 1224 778 1277 Sequitur

784 1299 869 1335 ilice
894 1299 1077 1344 Daphnis.

210 1386 306 1426 Hoc
336 1396 511 1425 comma
543 1384 781 1425 dimetrum
812 1384 987 1435 epicum
1018 1387 1339 1435 nuncuparunt.
1400 1385 1513 1424 Item

680 1457 713 1495 Ο
740 1458 904 1495 crudelis
928 1457 1048 1501 Alexi,
1073 1457 1166 1494 nihil
1190 1469 1275 1494 mea

213 1533 375 1573 dehinc

806 1605 973 1630 carmina
997 1605 1120 1632 curas.

210 1681 335 1721 Unde
378 1681 569 1732 intelligi
611 1680 760 1729 datur,
798 1681 1050 1721 bucolicum
1092 1692 1273 1721 carmen
1316 1693 1397 1722 seu
1438 1685 1631 1722 metrum
1672 1694 1725 1722 ex

208 1750 455 1790 tetrametri
486 1748 762 1799 (conjectura
793 1750 1049 1790 addendum
1080 1750 1257 1790 videtur
1287 1758 1322 1791 et
1353 1748 1519 1799 demetri)
1548 1752 1723 1803 copula-

208 1821 329 1859 tione
361 1816 642 1859 subsistere“.
700 1820 815 1868 Etsi,
856 1821 1059 1871 inquam,
1099 1831 1152 1858 ex
1193 1821 1264 1859 his
1304 1821 1563 1869 concludaS,
1603 1821 1723 1860 hunc

209 1894 254 1927 et
283 1890 431 1938 ipsum
462 1889 516 1926 de
547 1891 701 1939 quarto
734 1889 909 1937 dactylo
942 1890 1178 1939 cogitasse,
1209 1893 1360 1929 tamen
1381 1892 1502 1930 aliud
1528 1892 1720 1930 suadent

209 1967 324 2008 quae
354 1956 501 1995 attulit
529 1968 569 2007 p.
600 1951 657 1994 87
689 1967 750 2008 sq.
785 1958 1136 2009 „Nonnunquam
1177 1962 1328 1998 autem
1370 1960 1535 2007 evenit,
1583 1963 1632 1999 ut
1671 1961 1717 1999 in

209 2026 367 2066 eodem
406 2037 540 2065 versu
587 2026 735 2076 plures
785 2026 1042 2074 incisiones,
1092 2028 1118 2066 i.
1163 2038 1198 2066 e.
1238 2028 1622 2078 penthemimeren
1674 2032 1719 2067 et

208 2094 624 2146 hephthemimeren
656 2098 700 2135 et
731 2106 831 2134 eam
863 2106 976 2148 quae
1008 2098 1166 2148 quarta
1196 2106 1383 2136 caesura
1412 2100 1585 2149 partem
1625 2108 1719 2138 ora-

210 2163 345 2202 tionis
385 2163 596 2202 terminat
637 2162 787 2216 (quam
826 2164 1060 2204 bucolicon
1103 2164 1261 2205 Graeci
1312 2164 1479 2214 dicunt)
1532 2166 1720 2218 reperia-

211 2240 324 2279 mUS‚
355 2234 424 2269 ut:

423 2306 539 2340 Arma
562 2305 761 2351 virumque
786 2316 892 2350 cano,
919 2307 1060 2353 TroJae
1086 2307 1150 2354 qui
1174 2307 1318 2353 primus
1344 2309 1390 2343 ab
1417 2308 1506 2350 oris,

209 2381 321 2421 Nam
343 2379 417 2431 jae
448 2382 516 2433 qui
540 2390 622 2431 pes
653 2380 699 2420 in
728 2391 861 2422 versu
893 2385 1076 2434 quartus
1109 2394 1208 2424 eam
1238 2382 1501 2424 divisionem
1524 2383 1721 2435 explicat,

212 2462 345 2501 quam
376 2449 609 2490 bucolicon
639 2450 788 2490 vocari
820 2451 986 2492 dictum
1016 2455 1102 2500 est,
1147 2453 1318 2504 subque
1348 2453 1513 2503 pedum
1544 2464 1720 2503 percus-

212 2519 337 2560 sione
369 2530 530 2560 sensus
562 2520 781 2571 impletur.
840 2522 952 2562 Nam
985 2523 1172 2564 bucolici
1207 2524 1338 2563 metri
1379 2524 1489 2563 haec
1529 2523 1600 2562 lex
1642 2525 1720 2570 est,

212 2601 345 2640 quam
361 2601 440 2639 per
457 2602 588 2630 omne
606 2601 716 2640 opus
733 2592 801 2631 sui
821 2593 1030 2632 carminis
1046 2594 1309 2634 Theocritus
1323 2594 1628 2644 Syracusanus
1646 2593 1720 2633 ob-

212 2661 379 2707 servat,
428 2661 624 2711 exceptis
654 2661 807 2712 paucis
838 2663 1068 2712 versibus,
1116 2663 1169 2704 de
1212 2664 1371 2716 quibus
1417 2664 1462 2704 in
1505 2673 1721 2713 processu

212 2725 445 2768 dicemusf‘
522 2730 622 2769 Non
669 2733 843 2781 poterat
900 2734 1217 2782 grammaticus
1270 2732 1483 2772 Aeneidis
1539 2743 1719 2773 versum

212 2796 413 2847 excitare,
444 2797 532 2837 nisi
552 2800 766 2848 putasset,
796 2800 919 2840 salvo
941 2803 1085 2842 metro
1107 2801 1306 2842 bucolico
1332 2804 1539 2852 quartum
1558 2801 1720 2853 pedem

213 2865 347 2906 etiam
378 2866 627 2918 spondeum
659 2879 759 2910 esse
790 2880 935 2921 posse.
