1911 3215
939 126 993 171 51

214 241 298 281 bus
344 246 527 295 quartus
573 253 653 294 pes
697 248 774 285 aut
814 256 970 285 vocem
1011 245 1221 284 terminat
1265 248 1342 283 aut
1386 244 1587 293 dactylus
1619 242 1717 291 est).

212 305 271 350 42
302 309 371 359 (V.
400 308 601 361 31—34).
643 309 701 352 67
729 312 837 362 (VII.
870 311 1102 355 111—114.
1143 326 1181 355 v.
1215 311 1295 354 113
1338 315 1552 354 incisione
1585 316 1714 362 caret,

213 390 303 420 non
332 384 485 421 tamen
507 380 711 433 dactylo).
750 383 958 423 Efficiunt
987 385 1033 423 hi
1053 395 1221 432 versus,
1255 384 1293 422 si
1316 384 1537 423 addideris
1559 385 1628 423 III.
1648 378 1715 430 38,

212 460 448 490 numerum
480 450 600 500 CXX,
631 452 670 492 si
700 452 936 503 exceperis,
968 453 1108 494 CXIX.
1168 453 1250 493 His
1282 452 1475 492 addendi
1506 456 1629 500 sunt,
1660 452 1715 490 de

213 518 374 570 quibus
406 528 539 569 supra
570 521 679 568 dixi,
710 524 862 571 utpote
893 532 1049 561 omnes
1080 533 1133 561 ex
1166 522 1438 561 Graecorum
1469 520 1717 559 imitatione

212 587 395 635 tornati,
442 588 471 628 I.
501 583 567 629 75.
606 589 655 628 ΙΙ.
688 584 751 629 15.
801 590 869 630 ΙΙΙ.
900 586 966 630 79.
1015 590 1066 631 V.
1103 586 1170 630 46.
1210 586 1276 630 64.
1325 590 1396 630 VI.
1434 584 1500 629 25.
1540 584 1608 627 44.
1649 583 1715 626 80.

211 654 304 694 VII.
324 651 391 695 44.
432 657 534 695 VIII
563 654 735 705 (omitto
766 669 883 698 nunc
912 670 949 698 V.
981 655 1036 705 7).
1074 655 1140 697 33.
1180 659 1249 697 IX.
1282 655 1345 697 17.
1386 659 1433 696 Χ.
1467 654 1531 697 11.
1563 653 1629 696 21.
1660 652 1716 694 77

215 725 260 762 et
279 733 439 765 versus
460 724 747 766 intercalares
770 727 952 777 eclogae
974 729 1167 774 octavae,
1189 737 1375 765 numero
1396 726 1504 765 XIX.
1527 736 1717 776 quorum

213 801 426 831 versuum
465 796 534 832 est
574 805 749 833 summa
778 795 965 833 XXXIII.
1026 795 1223 844 Apparet
1263 797 1429 841 autem,
1461 797 1639 843 poetam
1671 793 1717 830 in

213 859 268 899 iis
300 860 483 911 eclogis,
512 861 558 901 in
591 862 751 913 quibus
782 862 1044 901 Theocritea
1074 862 1276 911 inprimis
1308 861 1508 900 imitatus
1541 864 1626 907 est,
1659 859 1715 898 ob

213 937 291 966 eos
319 938 498 976 versus,
541 940 651 980 quos
683 928 874 979 sumpsit
903 941 930 968 a
960 930 1215 977 Theocrito,
1257 930 1391 968 etiam
1421 929 1636 979 reliquos,
1680 927 1718 967 si

212 996 309 1035 fieri
338 999 532 1046 poterat,
576 1006 761 1037 caesura
791 997 993 1037 bucolica
1023 998 1266 1037 ornavisse.
1334 999 1384 1036 In
1415 998 1534 1036 hunc
1563 1008 1718 1036 nume·

211 1075 309 1103 rum
339 1064 482 1103 refero
514 1065 590 1115 qui
619 1069 791 1105 restant
819 1076 976 1105 versus
1007 1066 1196 1105 bucolici
1239 1066 1418 1116 generis
1461 1065 1718 1114 eclogarum

212 1131 262 1171 ΙΙ.
293 1132 361 1172 III.
392 1132 443 1172 V.
473 1133 564 1173 VII.
586 1133 698 1173 VIII.
730 1134 797 1174 IX.
819 1135 866 1181 X,
897 1135 1177 1185 maximeque
1209 1134 1252 1173 id
1286 1134 1403 1173 cadit
1433 1134 1479 1172 in
1512 1133 1719 1182 strophas

215 1202 259 1238 et
288 1200 588 1250 antistrophas
627 1202 703 1241 ecl.
734 1202 802 1242 III.
832 1198 1040 1241 60-107,
1073 1203 1162 1240 VII.
1194 1197 1374 1241 21—68.
1426 1201 1539 1240 Sunt
1570 1205 1721 1239 autem

212 1267 277 1306 hi:
308 1266 388 1307 Ecl.
410 1266 461 1307 ΙΙ.
491 1264 558 1309 53.
596 1268 673 1311 Ecl.
695 1267 768 1308 III.
789 1265 853 1310 75.
876 1266 942 1310 77.
965 1265 1030 1309 90.
1053 1265 1119 1310 93.
1142 1266 1207 1309 94.
1238 1265 1304 1309 99.
1328 1265 1421 1309 104.
1445 1265 1538 1309 107.
1577 1268 1657 1309 Ecl.
1685 1267 1721 1307 V.

211 1332 278 1375 31.
307 1332 375 1377 40.
404 1332 471 1375 41.
503 1333 560 1376 42
598 1335 654 1383 (si
683 1347 841 1376 versus
881 1338 969 1376 huc
998 1337 1152 1376 referri
1192 1341 1341 1386 potest
1384 1340 1565 1386 propter
1595 1348 1721 1386 prae-

212 1402 483 1452 positionem
521 1401 665 1455 ευμεν).
705 1398 773 1443 58.
833 1403 910 1443 Ecl.
946 1402 1029 1443 VII.
1063 1401 1127 1443 14.
1161 1400 1225 1444 17.
1266 1400 1333 1444 26.
1364 1399 1429 1444 28.
1461 1400 1525 1444 52.
1556 1400 1623 1445 61.
1654 1399 1721 1444 62.

212 1469 292 1511 Ecl.
330 1469 432 1510 VIII.
464 1467 529 1512 17.
559 1467 627 1513 20.
657 1467 722 1512 29.
753 1468 819 1513 30.
849 1468 916 1513 49.
947 1469 1013 1513 75.
1046 1468 1140 1513 106.
1175 1469 1266 1513 108.
1309 1472 1390 1513 Ecl.
1424 1472 1489 1513 IX.
1521 1470 1558 1514 2.
1589 1470 1627 1515 6.
1658 1470 1721 1514 15.

215 1534 280 1577 16.
310 1535 376 1579 21.
406 1536 473 1579 27.
502 1536 569 1579 49.
597 1536 662 1580 50.
694 1537 759 1580 51.
791 1538 857 1582 53.
888 1538 954 1581 55.
985 1538 1051 1581 63.
1083 1538 1150 1582 67.
1201 1542 1279 1582 Ecl.
1314 1541 1357 1581 X.
1389 1539 1427 1582 2.
1459 1539 1524 1582 25.
1556 1540 1623 1583 31.
1654 1539 1721 1583 46.

201 1603 270 1647 -49
308 1606 370 1656 (hi
402 1608 488 1648 duo
519 1613 669 1649 tamen
701 1609 816 1649 Galli
845 1609 964 1659 sunt)
978 1609 1024 1658 *).
1046 1607 1113 1651 50.
1135 1608 1199 1651 73.
1247 1611 1455 1651 Efficiunt
1486 1612 1531 1650 hi
1562 1622 1720 1651 versus

214 1688 450 1715 numerum
497 1678 630 1716 XLIX
668 1679 760 1726 vel,
801 1680 839 1718 si
880 1680 1122 1719 detraxeris
1164 1680 1239 1718 ecl.
1279 1680 1328 1718 V.
1359 1676 1426 1718 42.
1476 1680 1523 1718 X.
1554 1675 1621 1718 46.
1652 1675 1720 1726 49,

214 1744 361 1784 XLVI.
419 1745 484 1783 Ex
524 1745 593 1784 his
626 1746 701 1797 qui
737 1750 947 1786 notentur
990 1747 1190 1797 inprimis
1224 1747 1346 1797 digni
1388 1751 1492 1786 sunt
1530 1747 1605 1786 ecl.
1638 1747 1719 1786 VII

212 1822 250 1851 v.
281 1808 337 1851 20
376 1815 421 1851 et
449 1809 515 1852 52.
573 1813 685 1852 Nam
724 1814 869 1863 priore
909 1815 1006 1853 loco
1044 1815 1322 1853 adumbravit
1362 1818 1495 1864 poeta
1535 1815 1716 1853 Theocr.

214 1879 268 1919 id.
289 1880 348 1919 IX
371 1891 408 1919 V.
432 1877 496 1928 14,
527 1882 601 1931 qui
632 1892 816 1921 caesura
847 1883 1047 1921 bucolica
1078 1887 1208 1930 caret,
1238 1884 1482 1932 posteriore
1514 1884 1571 1921 IX
1601 1894 1639 1922 v,
1663 1878 1714 1921 13

217 1952 262 1988 et
290 1945 356 1997 21,
388 1949 463 2000 qui
494 1953 539 1989 et
567 1950 653 2001 ipsi
684 1961 737 1990 ea
767 1954 937 1991 vacant.
987 1951 1073 1991 Sed
1105 1955 1291 2003 utroque
1321 1952 1419 1991 loco
1450 1951 1493 1989 id
1527 1962 1550 1989 e
1580 1951 1717 1989 versi-

216 2017 300 2056 bus
326 2018 453 2066 juxta
482 2018 639 2068 positis
671 2019 977 2069 explicandum
1010 2022 1089 2059 est.
1148 2021 1250 2058 Jam
1281 2030 1405 2066 vero,
1437 2019 1477 2057 vsi
1507 2028 1716 2056 numeros

218 2089 463 2136 computes,
494 2086 725 2138 hucusque
752 2098 962 2127 versuum
992 2087 1292 2126 bucolicorum
1325 2098 1500 2126 summa
1523 2090 1591 2125 est
1612 2085 1718 2125 CCII

217 2154 290 2192 vel
310 2154 528 2195 CXCVIII.
559 2156 745 2195 Restant
767 2156 842 2196 ecl.
854 2156 882 2195 Ι.
903 2152 941 2195 3.
962 2152 1000 2195 4.
1020 2152 1058 2196 7.
1082 2152 1144 2195 11.
1170 2152 1222 2195 14
1244 2154 1296 2203 (v,
1312 2151 1366 2195 18
1386 2159 1538 2205 utpote
1561 2166 1719 2205 suppo-

310 2275 343 2318 *)
373 2274 486 2318 Apud
523 2274 696 2308 Servium
734 2276 782 2309 ad
818 2286 851 2309 v.
882 2277 926 2309 46
963 2276 1058 2309 haec
1094 2276 1213 2309 verba
1247 2274 1439 2318 leguntur:
1484 2274 1555 2314 „hi
1594 2276 1720 2307 autem

220 2342 348 2367 omnes
373 2341 507 2367 versus
529 2330 627 2365 Galli
652 2335 750 2373 sunt,
777 2332 823 2366 de
847 2332 967 2376 ipsius
992 2332 1166 2365 translati
1185 2331 1446 2366 carminibus.“
1482 2330 1565 2364 Non
1589 2333 1719 2374 potest

220 2389 373 2424 dubium
399 2399 501 2430 esse,
540 2389 629 2433 quin
651 2399 727 2422 vss.
755 2390 887 2423 44—-49
915 2387 1194 2432 significaverit.
1243 2387 1338 2421 Nam
1376 2387 1607 2431 comparatio
1635 2398 1717 2421 cum

221 2447 423 2484 Theocrito
448 2459 483 2483 v.
509 2448 551 2483 50
577 2458 632 2493 sq.
666 2459 687 2482 a
713 2446 792 2482 solo
818 2446 989 2492 Vergilio
1015 2447 1188 2491 profecta
1212 2447 1262 2481 sit
1286 2456 1444 2481 necesse
1471 2448 1531 2480 est
1566 2445 1626 2488 (cf.
1653 2445 1718 2479 ecl.

220 2504 284 2539 VI.
310 2506 354 2539 64
380 2507 490 2551 sqq.).
539 2505 651 2549 Quod
676 2505 709 2539 si
732 2508 921 2545 tenemus,
953 2504 1086 2538 mirum
1111 2504 1262 2538 minime
1288 2503 1458 2545 videtur,
1492 2502 1592 2547 quod
1617 2512 1650 2536 v.
1676 2503 1721 2536 44

221 2562 267 2596 ab
304 2562 488 2607 allegoria
525 2563 573 2599 ad
597 2575 725 2599 veram
749 2564 864 2598 vitam
898 2563 1054 2603 transit,
1096 2563 1142 2597 de
1169 2573 1244 2606 qua
1280 2573 1322 2596 re
1348 2561 1473 2595 multis
1512 2559 1719 2603 disputavit

221 2618 435 2663 Wagnerus
459 2620 498 2654 in
514 2623 605 2655 nota
622 2620 764 2656 critica.
796 2620 841 2654 Id
858 2630 972 2654 unum
990 2619 1157 2663 adjicere
1182 2618 1281 2659 licet,
1302 2616 1524 2663 particulam
1547 2625 1646 2656 nunc,
1674 2615 1721 2650 de

222 2687 297 2722 qua
332 2675 376 2711 cf.
403 2676 651 2722 Wagnerum,
687 2679 852 2714 fortasse
889 2677 961 2712 alio
997 2678 1109 2713 modo
1145 2689 1166 2712 a
1192 2677 1299 2711 Gallo
1336 2679 1555 2719 usurpatam
1592 2674 1722 2708 fuisse.

220 2733 430 2769 Mutavisse
466 2735 556 2769 talia
580 2736 793 2777 Maronem,
832 2734 999 2769 ostendit
1035 2735 1102 2769 ecl.
1128 2734 1229 2769 VIII.
1259 2735 1304 2767 88
1340 2733 1475 2767 collato
1510 2731 1616 2765 Varii
1640 2731 1723 2766 loco

220 2791 386 2828 Macrob.
413 2791 476 2827 VI.
502 2792 534 2827 2.
559 2793 613 2829 20.
662 2792 758 2829 Nam
790 2792 890 2838 apud
914 2791 1071 2827 Varium
1107 2803 1180 2827 vox
1214 2790 1406 2836 ‚‚perdita“
1440 2788 1488 2823 ad
1521 2799 1582 2829 ea,
1627 2800 1723 2833 quae

222 2855 443 2894 sequuntur,
465 2850 667 2885 referenda
692 2855 762 2892 est,
787 2851 888 2895 apud
913 2850 1125 2894 Vergilium
1150 2850 1198 2884 ad
1224 2859 1283 2889 ea,
1308 2858 1404 2892 quae
1430 2846 1668 2881 antecedunt.

1405 2906 1452 2940 4*
