1911 3215
911 88 967 132 58

390 202 519 246 Incipe
542 201 751 236 Maenalios
775 209 932 241 mecum,
956 209 1040 237 mea
1064 199 1170 241 tibia,
1193 209 1339 234 versus.

390 259 534 295 Desine
558 258 778 298 Maenalios,
800 258 879 301 jam
905 256 1049 298 desine,
1074 256 1178 298 tibia,
1203 267 1348 293 versus.

183 334 229 373 in
258 334 524 384 posteriore:

389 408 527 443 Ducite
553 409 599 442 ab
624 408 717 442 urbe
743 406 907 448 domum,
931 416 1014 441 mea
1039 405 1215 447 carmina,
1241 406 1368 442 ducite
1391 406 1591 452 Daphnim.

387 465 548 504 Parcite,
574 465 620 497 ab
645 464 739 497 urbe
763 463 879 504 venit,
899 464 991 507 jam,
1016 463 1193 503 carmina,
1218 462 1376 508 parcite,
1401 462 1585 509 Daphnis,

182 540 319 592 Fugit
348 538 548 580 Servium
560 532 604 586 *),
632 540 812 589 poetam
842 537 888 578 in
918 537 1064 589 priore
1095 540 1228 578 cantu
1256 538 1530 589 expressisse
1560 538 1692 590 primi
1715 539 1720 544 ’

182 609 321 658 idyllii
353 606 612 657 ephymnia:

387 677 513 728 ἄρχετε
538 680 754 727 βουσολικᾶς,
777 680 910 716 Μοῖσαι
934 680 1043 726 φίλαι,
1068 676 1190 728 ἅρχετ’
1221 677 1353 722 ἀοιδοῖς.

386 737 508 784 λήγετε
534 738 748 785 βουκολικοῖς,
773 738 917 780 Μοῖσαι,
946 739 1010 781 ἴτε,
1036 736 1157 782 >adyti-³
1181 735 1315 779 ἀοιδᾶς.

180 814 228 853 In
259 813 506 864 posteriore
556 815 704 851 autem
748 822 1018 863 quamquam
1068 811 1286 863 spectavit
1332 812 1454 863 prius
1505 811 1690 852 secundi

182 882 322 930 idyllii
354 880 661 931 ephymnium:

386 952 475 999 ἴυγξ,
501 953 583 990 ἕλκε
607 953 648 989 τὺ
673 953 774 998 τῆνον
800 952 882 999 ἐμὸν
908 953 989 989 ποτὶ
1012 956 1116 999 δῶμα
1138 952 1196 990 τὸν
1223 950 1341 999 ἄνδρα,

181 1029 312 1070 simul
361 1032 514 1068 tamen
561 1028 753 1078 primum
797 1038 974 1068 carmen
1022 1031 1125 1068 ante
1162 1028 1314 1068 oculos
1360 1028 1535 1078 habuit;
1586 1039 1690 1068 nam

181 1099 294 1138 alter
308 1107 469 1144 ⁴versus
499 1097 775 1137 intercalaris
794 1092 982 1148 Vergilii
1004 1108 1095 1136 non
1116 1097 1173 1137 ad
1193 1097 1377 1137 alterius
1404 1097 1449 1136 in
1481 1097 1690 1145 secundo,

182 1167 261 1206 sed
289 1170 445 1205 ‘rursus
476 1165 533 1204 ad
564 1165 747 1205 alterius
787 1166 833 1204 in
862 1165 1004 1215 primo
1045 1165 1196 1215 idyllio
1229 1166 1480 1216 exemplum
1513 1177 1690 1216 compo-

182 1236 293 1274 situs
325 1237 405 1274 est.
445 1234 552 1272 Inde
584 1233 704 1272 nullo
733 1234 916 1283 negotio
949 1234 1108 1283 conjici
1137 1237 1297 1284 potest,
1327 1238 1505 1284 poetam
1528 1235 1689 1274 Roma·

180 1314 287 1343 num
318 1302 459 1342 semel
497 1305 672 1341 tantum
703 1301 894 1341 alterum
925 1301 1150 1341 Theocriti
1191 1302 1480 1353 ephymnium
1510 1303 1689 1353 legisse.

178 1372 243 1411 Ac
283 1382 384 1410 mea
424 1370 604 1422 quidem
646 1370 870 1410 sententia
909 1373 1002 1410 tam
1042 1371 1191 1420 inepte
1232 1374 1390 1422 quater
1428 1371 1500 1411 hic
1530 1381 1689 1413 versus

176 1440 356 1491 ponitur
397 1450 531 1490 quam
576 1438 809 1478 commode
853 1442 997 1478 totum
1039 1449 1219 1478 carmen
1260 1439 1434 1478 claudit.
1504 1440 1689 1479 Accedit

178 1508 266 1548 alia
297 1518 433 1548 causa
464 1519 553 1547 non
584 1507 822 1548 levissima.
883 1507 1013 1557 Quod
1045 1507 1163 1548 enim
1202 1508 1360 1547 statuit
1389 1508 1456 1548 vir
1487 1508 1689 1549 doctissi-

177 1587 278 1616 mus
309 1576 531 1626 Hauptius
562 1576 675 1616 Mus.
704 1577 843 1616 Rhen.
873 1576 980 1616 Nov.
1002 1577 1073 1616 IV.
1105 1588 1144 1626 p.
1171 1572 1254 1616 261
1288 1586 1362 1627 sq„
1392 1579 1569 1626 praeter
1600 1577 1687 1617 duo

177 1644 418 1695 ephymnia
448 1644 588 1694 idyllii
627 1644 759 1694 primi
790 1644 925 1684 etiam
965 1644 1147 1684 tertium
1178 1644 1359 1696 aliquod
1396 1645 1603 1694 inveniri,
1643 1646 1688 1686 id

175 1723 223 1753 re
254 1711 504 1752 accuratius
534 1712 760 1764 pensitata
800 1707 890 1752 non
931 1723 1097 1753 novum
1135 1715 1204 1752 est
1239 1706 1557 1764 'ephymnium,
1608 1714 1688 1755 sed

176 1783 369 1831 primum
411 1792 500 1820 una
529 1792 639 1820 voce
670 1777 790 1832 φίλαι
827 1784 1069 1828 mutatum,
1113 1782 1239 1829 cujus
1280 1782 1377 1821 loco
1423 1782 1469 1821 in
1510 1784 1689 1832 optimis

178 1848 404 1889 codicibus
433 1841 558 1888 πάλιν
587 1848 763 1900 legitur,
825 1848 996 1899 Quodsi
1025 1858 1131 1888 vero
1162 1849 1451 1900 reputaveris,
1487 1849 1532 1890 in
1564 1851 1688 1892 codd.

176 1918 213 1957 k.
246 1929 282 1957 a.
322 1930 362 1967 p.
412 1917 601 1957 alterum
652 1918 736 1957 hoc
786 1918 1052 1958 vocabulum
1103 1918 1255 1957 statim
1303 1930 1341 1959 v,
1372 1914 1427 1957 73
1479 1919 1688 1968 exhiberi,

178 1986 395 2037 suspicari
424 1986 537 2034 licet,
571 1987 615 2026 id
646 1987 718 2027 hic
747 1987 890 2037 primo
920 1986 1177 2037 ponendum
1209 1997 1311 2027 esse
1343 1990 1388 2027 et
1417 1998 1443 2025 a
1472 1988 1688 2038 principio

178 2055 386 2094 carminis
444 2055 761 2104 prohymnium
820 2055 1153 2095 removendum.
1242 2055 1339 2104 Quo
1398 2054 1515 2095 facto
1564 2056 1687 2106 prius

179 2123 468 2172 ephymnium
500 2122 723 2171 adjectum
755 2127 825 2163 est
852 2123 1023 2173 primae
1046 2122 1255 2172 strophae
1277 2126 1322 2162 et
1351 2123 1533 2174 reliquis
1566 2124 1687 2164 dein-

177 2202 282 2243 ceps
304 2191 511 2232 omnibus
532 2194 717 2242 excepta
748 2191 916 2239 ultima,
946 2191 1008 2231 ita
1028 2193 1189 2239 tamen,
1221 2194 1279 2240 ut,
1311 2193 1687 2243 quemadmodum

177 2261 400 2300 sententia
429 2260 613 2309 flagitat,
645 2261 700 2299 ab
733 2261 873 2299 altera
894 2260 1077 2310 stropha
1108 2271 1250 2311 usque
1278 2261 1334 2300 ad
1364 2262 1685 2311 paenultimam

176 2339 285 2368 voce
315 2321 438 2368 πάλιν
477 2339 556 2379 pro
587 2323 705 2380 φίλαι
743 2328 890 2379 posita
939 2328 1171 2379 paululum
1215 2329 1493 2379 immutetur;
1541 2332 1684 2369 totum

177 2408 357 2437 carmen
389 2397 552 2436 claudit
584 2398 872 2447 ephymnium
902 2398 1137 2448 posterius.
1198 2399 1321 2437 Haec
1353 2398 1391 2436 si
1420 2409 1524 2437 vere
1557 2408 1583 2436 a
1613 2409 1686 2437 me

174 2465 401 2516 disputata
449 2468 571 2512 sunt,
622 2464 734 2516 quod
776 2466 1124 2518 haudquaquam
1173 2476 1252 2515 pro
1295 2468 1415 2505 certo
1461 2465 1683 2507 affirmare

267 2646 300 2687 *)
328 2642 509 2677 Similiter
534 2641 678 2676 erravit
703 2642 969 2685 grammaticus
995 2642 1044 2677 ad
1068 2642 1134 2677 ecl.
1159 2642 1205 2677 X.
1232 2642 1262 2676 7.
1306 2642 1457 2684 „Simaa
1495 2643 1683 2679 Graecum

176 2703 234 2735 est
259 2712 405 2740 nomen,
430 2700 459 2734 i:
479 2710 510 2733 e.
541 2698 686 2743 pressis
718 2697 890 2738 naribus.
922 2700 1022 2734 unde
1048 2701 1086 2734 et
1112 2699 1240 2734 simias
1267 2701 1443 2736 dicimus:
1477 2701 1579 2746 quod
1604 2700 1681 2745 epi-

175 2758 305 2792 theton
332 2757 558 2792 Theocritus
593 2757 639 2799 (7.
666 2756 725 2798 80)
762 2756 827 2790 dat
852 2757 1054 2800 praecipue
1085 2756 1253 2800 apibus.“
1303 2758 1396 2794 Nam
1427 2760 1545 2793 verba
1568 2759 1682 2793 simae

178 2816 336 2859 capellae
354 2825 535 2859 expressa
554 2816 643 2848 sunt
661 2824 705 2848 ex
724 2813 774 2848 id.
792 2812 894 2848 VIII.
915 2814 974 2848 50:
995 2805 1023 2849 ὦ
1048 2813 1173 2859 σιμαὶ
1196 2811 1292 2851 δεῦτ’
1318 2813 1376 2862 ἐφ’
1404 2812 1499 2861 ὕδωρ
1524 2815 1680 2862 ἔριφοι.
