1911 3215
913 136 971 181 67

195 262 330 302 quum
361 252 495 301 hujus
526 254 681 292 cantus
712 253 982 294 inventionis
1020 254 1150 294 laude
1188 254 1392 302 delectet,
1430 256 1546 294 Laco
1577 253 1687 293 nihil

193 318 313 359 aliud
352 320 456 360 fecit
496 332 629 371 quam
670 332 723 360 ea
760 322 948 361 variavit
979 333 1092 373 quae
1123 322 1196 362 ille
1227 323 1345 371 prior
1374 324 1570 361 finxerat.
1630 322 1689 359 At

190 386 349 427 falsam
380 397 480 428 esse
509 388 591 428 viri
623 388 740 431 docti
771 388 1046 440 opinionem,
1091 389 1163 430 vel
1194 400 1248 430 ex
1286 389 1370 430 hoc
1405 390 1687 440 perspicuum

192 460 280 505 est,
331 457 447 509 quod
487 458 549 497 ita
577 460 736 507 poetae
779 466 953 507 semper
993 458 1036 498 id
1075 458 1299 508 agendum
1331 458 1508 504 fuisset,
1558 461 1605 495 ut
1636 457 1687 504 ei,

192 536 323 577 quem
353 525 582 565 victoriam
611 527 836 574 reportare
867 525 1062 572 volebat,
1106 527 1225 576 prior
1256 527 1301 565 in
1333 526 1531 565 canendo
1562 526 1686 563 locus

191 593 452 643 obtingeret.
513 593 591 632 Cui
633 593 696 632 rei
742 596 994 642 repugnant
1035 593 1160 644 leges
1211 595 1265 633 de
1307 594 1494 633 canendi
1535 593 1688 632 ordine

191 661 473 708 observatae,
523 660 577 699 de
616 660 775 711 quibus
808 661 1010 711 exposuit
1039 661 1228 702 Vossius
1261 663 1316 701 ad
1346 662 1477 712 Verg.
1511 663 1587 701 ecl.
1619 662 1688 701 111.

192 723 303 775 52²5.
333 728 519 769 Meliora
555 728 799 768 docuerunt
817 728 1142 770 Wernsdorfius
1164 727 1394 777 (Cantores
1425 742 1464 781 p.
1490 726 1543 770 17
1576 725 1687 781 sqq.)

193 806 384 848 eumque
415 801 593 838 secutus
625 798 882 836 Zetzschius
911 810 950 847 p.
984 794 1047 836 11.
1095 798 1311 837 Nimirum
1348 802 1481 847 poeta
1509 809 1690 847 operam

192 863 296 903 dare
328 864 488 914 debuit,
520 868 568 905 ut
597 864 668 904 vel
698 875 776 916 per
806 865 952 916 ipsum
984 867 1207 906 certamen
1238 867 1326 915 vel,
1358 867 1397 906 si
1427 866 1511 906 hoc
1542 866 1690 906 minus

190 933 286 975 fieri
315 937 498 984 poterat,
528 945 607 984 per
635 934 771 974 verba
801 937 1080 984 antegressa,
1113 945 1226 985 quae
1252 936 1346 985 Jam
1377 944 1592 985 praesens
1624 945 1690 972 ar-

190 1001 306 1042 biter
336 1001 521 1048 audivit,
559 1001 635 1039 uni
664 1004 894 1051 pastorum
925 1012 1025 1040 earn
1054 1000 1217 1039 indolis
1249 1013 1512 1052 morumque
1542 1001 1692 1041 labem

190 1069 500 1119 adspergeret,
550 1080 637 1120 qua
684 1071 1036 1109 commoveretur
1068 1068 1231 1117 judex,
1281 1072 1331 1107 ut
1370 1069 1498 1108 alteri
1546 1069 1692 1119 magis

188 1136 358 1178 faveret
417 1137 546 1188 eique
601 1137 832 1175 victoriam
890 1136 1158 1176 decerneret.
1237 1137 1285 1176 In
1338 1137 1491 1188 quinto
1541 1136 1693 1186 idyllio

190 1214 345 1253 causa,
393 1216 470 1245 cur
510 1205 715 1246 Comatas
763 1205 1019 1246 certaminis
1064 1206 1259 1254 pretium
1300 1205 1555 1252 abstulerit,
1606 1216 1695 1244 non

189 1273 329 1324 repeti
369 1276 536 1324 potest,
586 1273 673 1312 nisi
714 1285 737 1312 e
759 1283 872 1325 1548:
878 1268 1096 1323 &312
1148 1273 1398 1324 Aperuerat
1439 1274 1554 1312 Laco
1594 1276 1698 1323 post

188 1341 411 1380 Morsonis
457 1341 697 1381 adventum
737 1342 953 1399 nimiaQ
963 1341 1134 1397 rixandi
1176 1342 1498 1395 cup1d1tatem
1503 1342 1695 1396 maxime

188 1419 276 1451 vss.
306 1406 363 1449 74
394 1413 438 1448 et
467 1404 543 1457 75,
584 1420 773 1461 eamque
805 1410 860 1449 ob
891 1420 1074 1448 causam
1107 1411 1220 1449 alter
1250 1414 1403 1459 pastor
1433 1423 1470 1450 v.
1502 1393 1558 1449 77
1590 1422 1693 1449 eum

190 1480 423 1518 notaverat
451 1477 522 1517 his
561 1477 727 1517 verbis:
769 1470 817 1515 τύ
847 1488 895 1524 γε
923 1469 1007 1529 μὰν
1038 1471 1336 1530 φιλοκέρτομὸς
1366 1474 1464 1518 ἐσσι.
1524 1479 1693 1518 Verum

190 1549 339 1588 autem
380 1544 426 1583 id
466 1545 751 1595 opprobrium
791 1545 955 1585 arbitro
994 1546 1143 1585 visum
1181 1551 1269 1595 est3
1319 1558 1422 1587 nam
1454 1558 1492 1587 v.
1525 1543 1608 1586 137
1638 1547 1694 1587 ad

188 1613 411 1654 Laconem
462 1624 702 1656 conversus
753 1613 863 1653 haec
911 1614 1046 1653 verba
1095 1614 1278 1664 profert:
1329 1606 1377 1653 τὺ
1411 1608 1445 1653 δ’
1482 1604 1514 1654 ὦ
1543 1609 1692 1665 τάλαν,

190 1675 277 1721 ἐσσὶ
303 1674 521 1735 φιλεχῇής.
580 1682 683 1722 Jam
735 1692 820 1734 quo
873 1682 1018 1733 magis
1067 1682 1441 1723 contemnendum
1492 1683 1692 1722 Morsoni

189 1749 381 1803 pastoris
426 1749 656 1801 ingenium
699 1750 942 1797 videretur,
991 1761 1078 1790 non
1125 1751 1222 1791 sine
1266 1751 1450 1790 artificio
1498 1751 1690 1802 quodam

190 1822 323 1869 poeta
353 1818 581 1860 Comatam
622 1819 854 1866 majorem,
900 1818 1122 1858 Laconem
1161 1819 1378 1859 minorem
1417 1822 1524 1858 natu
1553 1819 1688 1867 finxit,

191 1886 550 1939 quandoquidem
581 1886 1129 1949 hQQSAEZEUJPJRQriS
1137 1899 1269 1940 erga
1267 1899 1378 1944 eum,
1391 1888 1485 1940 qui
1495 1887 1684 1939 longius

193 1959 339 1997 aetate
381 1941 617 2006 provectu}
664 1959 777 2003 erat,
827 1956 1044 1995 modestia
1090 1960 1134 1996 et
1172 1937 1439 1996 verecundia
1485 1956 1684 2007 inprimis

193 2024 489 2075 exspectanda
520 2028 625 2065 erat.
673 2024 739 2063 Ac
760 2025 797 2063 si
817 2024 1011 2075 proferre
1042 2024 1145 2064 licet
1175 2024 1428 2074 opinionem
1460 2024 1683 2075 quandam

196 2103 418 2144 nugarum
449 2091 638 2134 fortasse
669 2103 757 2136 non
788 2092 1056 2139 absimilem,
1086 2092 1196 2131 mihi
1225 2103 1281 2133 ne
1312 2102 1475 2131 nomen
1507 2091 1685 2142 quidem

191 2154 342 2203 Λάκων
392 2160 488 2200 sine
539 2170 675 2201 causa
722 2161 889 2211 pastori
937 2160 1151 2199 tributum
1202 2170 1303 2199 esse
1347 2160 1531 2199 videtur.
1590 2160 1686 2199 Hoc

192 2228 432 2282 quominus
472 2229 754 2271 Valckenarii
795 2229 1105 2269 auctoritatem
1137 2227 1226 2279 (Ep.
1269 2229 1323 2268 ad
1361 2230 1492 2268 Roev.
1523 2225 1684 2275 XXXI.)

193 2301 432 2351 sequentes
468 2308 491 2337 e
531 2298 675 2349 patria
715 2298 908 2337 hominis
949 2298 1238 2348 repetendum
1279 2307 1378 2336 esse
1411 2306 1684 2344 censeamus,

192 2368 389 2412 rationes
419 2367 627 2408 metricas
657 2367 912 2417 prohibere,
951 2368 1183 2408 verissime
1215 2367 1322 2406 dixit
1351 2366 1600 2406 Meinekius
1631 2365 1686 2403 ad

193 2448 232 2477 v.
254 2433 290 2477 1.
326 2436 474 2489 Quare
503 2436 613 2475 mihi
644 2435 688 2476 in
719 2440 915 2477 mentem
946 2436 1084 2485 venit,
1119 2435 1227 2477 illud
1258 2446 1357 2475 cum
1387 2434 1522 2475 verbo
1552 2429 1686 2487 ληκέω

194 2506 453 2555 cohaerere,
503 2505 790 2557 apprimeque
836 2505 881 2545 in
925 2506 1044 2546 hunc
1097 2505 1242 2544 locum
1298 2504 1530 2544 convenire
1580 2505 1685 2551 puto

288 2695 319 2737 *)
345 2693 423 2728 Has
449 2698 574 2728 tamen
605 2693 732 2740 leges,
769 2704 866 2740 quae
891 2694 1061 2730 nituntur
1084 2695 1167 2731 loco
1193 2694 1301 2729 valde
1329 2695 1502 2737 suspecto
1529 2690 1685 2725 Theocr.

195 2751 245 2787 id.
279 2750 340 2786 VI.
376 2753 414 2793 5,
464 2751 654 2796 paululum
690 2753 941 2788 immutandas
977 2764 1081 2795 esse,
1124 2753 1196 2787 alio
1226 2757 1394 2796 tempore
1429 2750 1688 2784 demonstrare

195 2810 369 2846 studebo,

1382 2911 1427 2948 ὀὶ
