1911 3215
912 125 970 168 48

302 247 422 288 Haec
454 247 604 287 omnia
634 258 721 286 non
743 247 976 296 propterea
998 242 1187 291 exhibui,
1219 253 1306 295 quo
1330 242 1699 291 demonstrarem,

189 317 293 369 quid
325 317 378 357 de
411 327 596 357 caesura
626 314 826 355 bucolica
857 314 902 353 in
933 311 1156 353 Theocriti
1197 311 1468 352 carminibus
1493 311 1697 361 judican-

189 386 292 425 dum
325 389 456 433 esset,
489 386 567 425 sed
594 387 642 423 ut
662 386 902 434 appareret,
935 393 1013 422 eos
1035 380 1364 432 grammaticos,
1396 381 1471 432 qui
1493 384 1698 432 quartum

187 453 347 503 pedem
379 453 513 492 etiam
561 451 804 502 spondeum
844 460 943 489 esse
990 459 1124 500 posse
1169 451 1457 499 putaverunt,
1506 449 1695 500 Vergilii

188 521 334 572 magis
367 533 498 574 quam
530 519 753 559 Theocriti
785 530 896 570 opus
929 519 1215 569 spectavisse.
1273 517 1385 557 Nam
1416 518 1501 557 etsi
1521 517 1698 557 Words-

188 590 372 630 worthio
413 601 499 628 non
542 587 757 635 concedO,
799 588 873 639 qui
915 587 969 627 id.
1001 587 1113 627 VIII.
1147 582 1200 626 13
1244 589 1288 626 et
1317 587 1365 626 X.
1396 580 1453 624 38
1484 597 1697 627 caesurae

195 658 338 708 gratia
368 661 551 705 mutare,
574 657 628 697 id.
659 657 772 695 VIII.
801 652 855 696 31
889 658 934 695 et
962 652 1018 696 32
1051 656 1222 705 ejicere,
1253 656 1308 696 id.
1329 656 1387 695 XI
1408 666 1432 695 e
1454 655 1700 695 carminum

192 727 493 767 bucolicorum
526 737 710 765 numero
743 725 974 764 excludere
1005 725 1163 772 voluit,
1205 725 1415 776 quoniam
1445 725 1569 775 idylii
1598 724 1701 764 VIII

189 795 451 845 principium
483 794 721 832 maximam
752 795 925 842 partem
957 793 1011 832 ab
1044 792 1326 831 Artemidoro
1358 793 1623 842 profectum,
1654 793 1699 832 in

189 864 335 913 idyliis
367 864 403 903 X
436 866 480 902 et
500 863 558 902 XI
588 863 642 902 ad
676 861 1020 912 significandum
1051 861 1204 901 rudius
1238 864 1282 901 et
1311 862 1521 903 incultius
1545 873 1699 902 eorum

190 931 263 982 qui
294 931 599 981 producuntur
629 930 859 979 ingenium
892 934 936 968 et
966 940 1198 969 caesuram
1231 930 1410 979 saepius
1449 931 1700 980 neglectam

193 1004 237 1039 et
268 1000 514 1050 spondeum
546 999 797 1039 immissum
830 1010 1012 1047 censeo,
1049 1002 1198 1039 tamen
1231 1011 1284 1038 ex
1314 999 1384 1039 his
1424 998 1578 1050 paucis
1611 1009 1702 1038 car—

194 1068 363 1107 minum
395 1080 499 1107 vere
531 1068 832 1107 bucolicorum
853 1069 973 1117 locis,
1006 1069 1081 1108 ubi
1104 1069 1328 1119 spondeus
1349 1069 1394 1107 in
1417 1071 1573 1119 quarta
1595 1068 1702 1107 sede

196 1137 431 1186 reperitur,
476 1137 755 1187 grammatici
785 1137 856 1175 vix
886 1141 1093 1187 poterant
1125 1137 1406 1184 concludere,
1450 1136 1702 1187 promiscue

190 1208 234 1244 et
255 1205 479 1255 dactylum
504 1209 547 1244 et
570 1205 818 1256 spondeum
840 1206 956 1256 poni.
1006 1206 1040 1244 E
1064 1206 1284 1245 contrario
1305 1207 1551 1256 propterea,
1583 1204 1700 1256 quod

194 1286 348 1314 omnes
382 1285 493 1326 quos
525 1275 771 1314 attulerunt
800 1285 956 1315 versus
988 1287 1014 1315 a
1045 1275 1140 1314 solo
1171 1275 1263 1314 fere
1292 1273 1494 1324 Vergilio
1534 1274 1700 1324 petive-

183 1347 309 1390 runt,
363 1344 570 1395 quodque
601 1344 673 1382 hic
711 1344 807 1394 ipse
852 1355 931 1394 pro
971 1344 1146 1394 dactylo
1193 1343 1457 1394 saepissime
1502 1342 1700 1393 spondeo

184 1423 291 1452 usus
324 1416 410 1461 est,
454 1411 743 1453 manifestum
775 1422 876 1452 esse
907 1415 1024 1464 puto,
1057 1411 1158 1452 illos
1191 1412 1243 1452 de
1277 1412 1475 1463 spondeo
1506 1414 1699 1451 tantum-

185 1481 317 1520 modo
348 1485 529 1532 poetam
570 1483 820 1521 Romanum
872 1485 975 1521 ante
1017 1482 1168 1521 oculos
1211 1482 1436 1522 habuisse.
1495 1481 1562 1521 Ac
1603 1492 1700 1531 pro-

184 1549 300 1590 fecto
332 1550 457 1591 Maro
490 1552 534 1591 in
568 1551 735 1602 eclogis
767 1554 858 1591 tam
891 1561 1026 1602 saepe
1058 1551 1208 1591 intulit
1238 1551 1283 1591 in
1311 1550 1473 1602 pedem
1493 1553 1700 1602 quartum

183 1619 431 1668 spondeum
465 1621 678 1659 orationis
710 1624 887 1670 partem
918 1621 1254 1667 terminantem,
1300 1624 1349 1659 ut
1379 1630 1536 1659 omnes
1577 1620 1699 1659 locos

183 1698 445 1727 enumerare
477 1688 635 1728 inutile
670 1691 714 1728 et
745 1699 1127 1739 supervacaneum
1160 1688 1363 1728 habeam.
1411 1688 1590 1736 Causas,
1623 1699 1701 1728 cur

186 1756 303 1794 idem
335 1767 434 1795 raro
478 1757 652 1807 dactylo
696 1757 851 1795 eadem
893 1757 1066 1795 ratione
1107 1757 1152 1794 in
1196 1759 1352 1807 quarta
1390 1767 1548 1796 versus
1593 1757 1700 1795 sede

183 1836 291 1866 usus
324 1829 455 1875 esset,
485 1829 661 1867 veteres
695 1826 977 1878 grammatici
1006 1827 1089 1867 has
1121 1825 1383 1866 attulerunt:
1415 1827 1594 1877 poetam
1623 1828 1699 1866 aut

184 1895 408 1944 sprevisse
440 1906 542 1934 eum
575 1895 780 1935 dixerunt
810 1900 887 1934 aut
918 1896 1064 1946 operis
1098 1895 1357 1934 difficultate
1383 1896 1551 1934 victum
1572 1898 1698 1945 puta-

181 1967 350 2002 verunt.
410 1964 558 2002 Meam
591 1964 861 2002 sententiam
893 1965 931 2003 si
964 1965 1252 2014 quaesiveris,
1283 1964 1410 2011 mihi,
1453 1964 1491 2003 si
1523 1965 1697 2003 univer-

183 2041 284 2070 sum
316 2030 517 2070 Maronis
550 2041 661 2082 opus
694 2034 971 2082 spectamus,
1010 2031 1154 2082 prima
1198 2040 1336 2071 causa
1375 2031 1420 2070 in
1459 2041 1512 2071 eo
1552 2031 1698 2082 posita

188 2099 381 2147 videtur,
415 2101 552 2150 quod,
596 2112 731 2151 quum
763 2101 1028 2140 Theocritus
1059 2103 1161 2140 viva
1191 2101 1469 2151 popularium
1503 2101 1700 2140 carmina

188 2170 293 2207 ante
327 2168 478 2208 oculos
510 2168 761 2218 habuisset,
804 2180 917 2221 quae
951 2169 1148 2221 quotidie
1180 2168 1332 2209 audire
1363 2171 1536 2221 poterat
1568 2180 1699 2222 quae-

184 2247 270 2287 que
304 2246 481 2286 semper
512 2238 553 2276 ei
583 2249 700 2276 nova
730 2238 1019 2277 incitamenta
1040 2239 1356 2289 suggerebant,
1388 2239 1472 2288 ipsi
1500 2239 1601 2277 talis
1624 2239 1698 2277 ad-

182 2304 376 2343 hortatio
409 2304 559 2345 defuit.
621 2305 696 2346 Sin
727 2318 833 2347 vero
866 2307 1067 2358 singulos
1099 2317 1257 2347 versus
1287 2311 1553 2358 spectamus,
1585 2317 1697 2359 quos

185 2385 208 2413 e
242 2372 412 2413 Graeco
444 2376 689 2425 transtulit,
727 2377 788 2416 ita
820 2377 1105 2417 statuendum
1142 2380 1271 2428 puto,
1314 2388 1416 2416 eum
1447 2388 1614 2427 magna
1646 2388 1699 2415 ex

179 2445 306 2493 parte
338 2443 401 2482 rei
440 2443 677 2483 insolentia
718 2456 744 2483 a
785 2455 968 2485 caesura
1009 2445 1227 2484 imitanda
1267 2444 1543 2495 prohibitum
1585 2454 1697 2493 esse,

181 2512 225 2553 id
249 2512 368 2565 quod
391 2512 622 2563 apparebit
644 2514 886 2555 clarissime
905 2527 958 2555 ex
974 2514 1276 2555 imitationum
1293 2513 1543 2565 conspectu,
1563 2526 1697 2567 quem

181 2587 379 2621 extremo
412 2582 497 2620 hoc
530 2592 663 2631 opere
695 2583 922 2631 exhibebo,
954 2583 1245 2622 nihilominus
1276 2586 1437 2631 tamen,
1469 2584 1546 2641 ubi
1567 2594 1696 2623 usur-

178 2650 299 2700 pavit
329 2660 577 2696 caesuram,
609 2649 653 2689 id
682 2651 918 2701 praecipue
941 2651 1166 2692 Theocriti
1197 2652 1382 2703 ejusque
1411 2653 1694 2693 aemulorum

178 2720 382 2758 versibus
412 2720 665 2769 permotum
698 2717 869 2758 fecisse.
939 2720 984 2758 Id
1017 2720 1301 2769 intelligetur,
1332 2721 1408 2759 ubi
1441 2730 1596 2760 omnes
1619 2733 1697 2761 eos

182 2787 305 2826 locos
339 2788 602 2836 excitavero,
633 2787 677 2826 in
711 2786 872 2838 quibus
903 2788 964 2826 ita
994 2787 1159 2826 factum
1192 2797 1312 2836 esse,
1345 2789 1505 2839 adjecti
1539 2789 1696 2830 Graeci

182 2866 339 2895 versus
390 2857 647 2905 ostendent,
710 2868 982 2909 quamquam
1032 2857 1142 2896 mihi
1199 2856 1428 2898 fatendum
1487 2862 1574 2907 est,
1641 2859 1696 2899 de
