1911 3215
844 121 901 167 35

116 248 188 285 cst
229 257 256 286 a
287 245 458 286 Graeco
495 246 630 295 poeta
665 244 708 282 in
747 242 928 282 nomine
963 239 1142 291 proprio
1180 239 1209 278 I.
1242 233 1334 277 121.
1384 237 1452 276 XI.
1488 231 1563 282 72,
1599 244 1626 273 a

114 315 314 355 Romano
352 313 612 364 posterioris
651 322 809 352 versus
850 311 1023 349 ratione
1064 307 1221 347 habita
1261 306 1338 346 ecl.
1379 305 1428 345 Π.
1468 298 1542 351 69,
1579 303 1626 341 in

113 383 331 423 vocabulo
361 379 438 433 φεῦ
469 381 525 420 ab
557 379 633 420 illo
656 373 736 419 IV.
765 373 833 419 26.
875 378 926 418 V.
955 373 1022 426 86,
1054 377 1100 415 in
1142 370 1212 414 ναί
1241 374 1311 413 IV.
1342 369 1414 421 54,
1446 384 1500 412 ex
1532 371 1626 423 qui-

114 451 199 491 bus
242 451 412 501 priores
459 452 668 500 spectans
712 447 785 486 hic
830 446 1071 497 duplicavit
1114 444 1189 487 heu
1221 443 1269 483 II.
1300 437 1366 482 58.
1416 441 1485 481 III.
1518 435 1623 480 10⁰:

115 508 220 558 ante
258 527 493 557 caesuram
529 516 778 555 bucolicam
815 526 842 554 a
876 514 1113 554 Theocrito
1150 512 1222 552 VI.
1253 506 1291 550 8.
1342 510 1455 548 V111.
1485 505 1541 546 73
1578 511 1625 547 et

116 584 457 627 ex'imitatione
498 595 524 624 a
553 583 753 635 Vergilio
796 583 846 624 V.
884 578 951 623 64.
1001 583 1073 623 VI.
1102 576 1161 621 44
1202 583 1247 621 et
1283 578 1354 619 ΙΙΙ.
1386 572 1453 617 79.
1512 576 1627 616 Nam

117 657 237 696 hunc
280 657 429 695 locum
471 657 750 705 postremum
785 640 1029 700 nominavi,
1073 651 1286 702 quoniam
1329 648 1442 687 mihi
1478 647 1533 685 de
1572 656 1625 684 eo

117 734 218 763 cum
248 723 449 774 Ameisio
481 723 707 773 agendum
739 723 818 760 est.
877 720 1057 759 Putavit
1089 719 1208 758 enim
1237 718 1305 757 vir
1336 714 1627 756 doctissimus

117 792 230 843 Spic.
269 804 309 842 p.
339 788 377 840 7,
421 792 467 831 in
501 792 651 831 verbis
686 790 827 838 ,‚vale,
871 786 1055 840 inquit“,
1099 787 1319 838 repetitae
1365 784 1489 824 vocis
1527 782 1628 821 vale

112 861 303 910 primam
334 859 554 908 syllabam
583 860 663 909 per
694 860 836 896 totam
866 857 1017 896 thesin
1053 856 1118 895 ita
1145 853 1482 906 producendam
1513 861 1627 898 esse,

115 930 166 968 ut
194 929 354 968 ultima
384 928 429 967 in
462 928 583 968 arsin
613 915 846 978 sequentis
875 925 1003 976 pedis
1035 925 1230 973 caderet,
1261 924 1339 963 ubi
1367 934 1448 974 per
1479 920 1627 961 elisio-

115 1007 218 1036 nem
251 997 477 1048 quantitas
516 996 613 1043 ejus
652 994 1013 1045 supprimeretur.
1072 993 1238 1033 Contra
1272 992 1384 1030 mihi
1425 1002 1478 1030 ex
1510 1000 1628 1029 com-

115 1065 347 1114 paratione
391 1064 665 1115 reliquorum
716 1065 762 1102 et
809 1061 1035 1102 Theocriti
1086 1064 1131 1101 et
1174 1061 1363 1112 Vergilii
1411 1069 1627 1099 versuum

117 1142 330 1182 apparere
377 1131 569 1179 videtur,
618 1131 853 1181 vulgarem
897 1130 1134 1178 rationem,
1188 1141 1241 1169 ex
1288 1140 1376 1181 qua
1422 1131 1629 1168 servatur

116 1200 254 1239 etiam
285 1209 471 1239 caesura
502 1200 714 1248 bucolica,
746 1198 989 1239 tenendam
1021 1202 1066 1238 et
1097 1198 1442 1249 amplexandam
1475 1207 1587 1237 esse.

228 1269 331 1307 Jam
368 1268 694 1307 transeundum
732 1270 803 1306 est
838 1267 896 1305 ad
933 1276 1011 1305 eas
1042 1267 1351 1316 repetitiones,
1389 1267 1504 1317 quae
1534 1275 1627 1303 non

114 1336 247 1375 unius
268 1345 442 1378 ,versus
479 1336 642 1375 finibus
685 1335 979 1375 continentur.
1045 1335 1275 1374 Interdum
1313 1334 1431 1385 apud
1465 1336 1625 1384 poetas

116 1404 425 1443 antecedentis
462 1413 621 1442 versus
651 1414 793 1442 unum
822 1402 894 1442 vel
924 1403 1054 1453 plura
1081 1403 1304 1442 vocabula
1333 1404 1378 1442 in
1408 1402 1626 1453 principio

115 1473 298 1512 alterius
329 1473 505 1513 tertiive
536 1473 699 1511 iterum
729 1475 965 1523 ponuntur,
996 1472 1114 1524 quod
1145 1472 1314 1512 factum
1345 1472 1464 1523 apud
1484 1472 1627 1511 Theo-

116 1541 274 1580 critum
327 1541 382 1581 id.
420 1542 450 1581 I.
484 1537 577 1581 142.
610 1537 703 1581 143.
768 1540 861 1581 VII.
903 1536 996 1581 118.
1029 1536 1121 1581 119.
1185 1541 1273 1582 XII.
1306 1537 1342 1581 1.
1373 1537 1411 1581 2.
1475 1540 1627 1580 XXIV.

114 1605 180 1649 72.
210 1606 286 1657 73,
332 1611 448 1659 apud
476 1610 725 1660 Vergilium
757 1610 834 1648 ecl.
869 1610 941 1648 IV.
973 1606 1039 1649 24.
1070 1605 1125 1648 25
1158 1608 1281 1657 (nam
1312 1620 1420 1648 vera
1449 1610 1627 1648 videtur

113 1676 265 1716 Vossii
302 1675 558 1726 distinctio).
594 1672 661 1717 60.
698 1672 765 1718 62.
815 1672 964 1718 v..10.
997 1674 1061 1718 12.
1120 1678 1293 1718 Deinde
1331 1688 1417 1716 vox
1448 1681 1628 1717 antece-

113 1745 261 1785 dentis
291 1756 449 1785 versus
481 1747 544 1785 ita
574 1747 620 1785 in
651 1747 857 1797 sequenti
888 1747 1120 1795 repetitur,
1152 1750 1202 1785 ut
1232 1758 1351 1785 nova
1382 1750 1460 1785 aut
1489 1746 1628 1785 verba

115 1817 193 1853 aut
224 1815 476 1853 sententiae
509 1815 737 1862 addantur,
770 1814 943 1865 quibus,
977 1826 1054 1854 cur
1082 1815 1246 1855 iterata
1275 1826 1361 1854 vox
1392 1816 1461 1863 sit,
1494 1826 1627 1864 appa-

113 1884 211 1921 reat
267 1880 335 1930 (cf.
384 1883 566 1923 Theocr.
615 1882 669 1923 id.
716 1883 745 1923 I.
782 1879 848 1924 29.
888 1878 955 1923 30.
999 1878 1065 1923 95.
1103 1878 1170 1923 96.
1219 1880 1312 1924 144.
1362 1879 1456 1924 145.
1531 1884 1624 1923 VII.

114 1946 179 1990 57.
217 1946 284 1990 59.
351 1951 459 1991 XIII.
504 1947 571 1990 43.
617 1947 684 1990 44.
752 1951 902 1990 XXIV.
939 1948 977 1990 7.
1019 1946 1050 1989 8
1095 1964 1197 1991 cum
1242 1953 1319 1992 ecl.
1366 1953 1396 1992 I.
1444 1948 1511 1991 28.
1558 1948 1625 1991 30.

115 2018 225 2059 VIII.
255 2013 321 2060 55.
352 2015 418 2060 56.
462 2020 530 2060 IX.
551 2016 618 2060 27.
650 2014 707 2060 28
738 2020 898 2071 quibus
930 2020 1100 2061 similes
1133 2024 1239 2061 sunt
1270 2021 1347 2062 ecl.
1378 2022 1430 2062 V.
1459 2017 1528 2061 65.
1559 2016 1626 2068 66,

115 2089 159 2125 et
189 2087 429 2128 Hermann.
461 2088 516 2127 ad
546 2089 671 2129 Bion.
710 2100 750 2139 p.
781 2083 866 2136 50).
927 2088 994 2128 Ab
1027 2089 1112 2129 hac
1148 2090 1416 2141 repetitione
1450 2089 1628 2130 diversa

114 2156 185 2192 est
216 2156 406 2205 simplex
438 2158 675 2207 anaphora,
705 2169 784 2208 per
817 2168 952 2209 quam
983 2159 1099 2198 duae
1139 2160 1393 2198 sententiae
1424 2159 1496 2198 vel
1528 2169 1628 2198 sen-

114 2224 358 2263 tentiarum
387 2227 539 2275 partes
571 2226 626 2265 ab
659 2227 819 2267 eodem
848 2228 1068 2268 vocabulo
1099 2229 1317 2279 incipiunt
1349 2227 1417 2276 (cf.
1448 2228 1504 2268 id.
1534 2227 1629 2277 VII.

116 2287 208 2331 149.
246 2287 326 2331 151
360 2303 461 2331 cum
493 2294 569 2332 ecl.
602 2295 673 2333 IV.
704 2290 761 2334 50
789 2291 856 2335 52.
905 2296 957 2335 V.
988 2292 1055 2337 27.
1086 2292 1170 2344 29).
1221 2297 1391 2345 Injuste
1422 2296 1627 2345 facerem,

113 2359 311 2411 Vergilio
343 2361 388 2399 in
418 2361 489 2400 his
522 2372 700 2414 quoque
737 2363 872 2402 rebus
903 2364 1133 2403 Theocriti
1170 2366 1473 2406 imitationem
1504 2367 1629 2405 attri-

114 2429 267 2478 buens,
298 2430 386 2470 nisi
417 2440 521 2469 eum
551 2430 597 2470 in
628 2431 822 2483 reliquis,
855 2443 970 2483 quae
1003 2432 1167 2473 similia
1199 2438 1315 2484 sunt,
1346 2435 1473 2476 illum
1505 2445 1628 2477 secu-

113 2500 210 2537 tum
247 2509 348 2539 esse
386 2502 663 2550 compertum
700 2501 916 2541 haberem
953 2502 1248 2555 inprimisque
1278 2508 1459 2555 poetam
1492 2505 1626 2554 septi-

113 2575 237 2605 mum
275 2567 478 2617 idyllium
515 2570 561 2609 in
599 2570 769 2610 deliciis
802 2570 1035 2619 habuisse,
1072 2572 1120 2611 in
1160 2584 1247 2624 quo
1286 2574 1437 2613 omnia
1468 2574 1626 2613 harum

115 2633 432 2683 repetitionum
453 2648 620 2687 genera
642 2639 882 2688 conjuncta
912 2641 1205 2690 reperiuntur,
1236 2641 1457 2693 permulta
1478 2645 1627 2682 osten—

118 2701 284 2741 derent.
343 2703 393 2741 In
431 2706 616 2757 eclogae
656 2708 835 2759 quidem
872 2709 934 2747 IV
964 2720 1052 2750 vss.
1083 2706 1149 2749 60.
1180 2706 1237 2749 62
1273 2714 1470 2750 certasse
1507 2711 1629 2750 vide-

116 2772 190 2809 tur
220 2781 320 2810 cum
350 2771 405 2812 id.
436 2772 578 2815 XXIV
607 2786 695 2817 vss.
724 2771 754 2816 8
785 2779 830 2817 et
860 2772 898 2818 9.
947 2777 1195 2829 Singularis
1228 2781 1298 2818 est
1328 2790 1383 2818 ea
1412 2780 1630 2831 repetitio,

112 2849 252 2888 quum
292 2839 431 2879 altera
469 2854 573 2892 pars
608 2846 770 2894 prioris
810 2857 968 2886 versus
1005 2848 1051 2886 in
1082 2848 1378 2897 posteriorem
1417 2849 1631 2889 adscisci—

1309 2911 1355 2947 3*
