1911 3215
908 139 963 184 63

518 323 831 395 caput
883 310 1353 394 quintum.

224 487 277 529 lle
308 487 569 532 similitudine
601 503 647 532 ac
677 490 1002 533 dissimilitudine
1031 494 1168 532 cantus
1200 491 1401 533 amoebaci
1432 491 1649 533 Theocritei

787 563 825 601 et
854 559 1082 613 Vergiliani.

306 662 473 704 Cautum
506 665 754 706 amoebaeum
783 666 855 705 hic
885 666 1010 705 illum
1050 664 1383 716 angustioribus
1414 666 1577 705 finibus
1609 666 1688 706 cir-

188 733 503 784 cumscriptum
534 734 745 785 intelligo,
776 735 821 774 in
854 746 940 786 quo
973 734 1059 773 duo
1089 737 1293 784 postores
1324 735 1529 773 versibus
1561 735 1688 773 alter-

187 800 257 847 nis
288 801 351 840 ita
386 802 500 841 inter
530 813 578 842 se
624 807 812 850 certant,
862 806 912 840 ut
960 802 1071 840 alter
1114 804 1344 851 pastorum
1389 805 1571 851 praeeat
1621 813 1690 841 ca-

186 869 352 918 nendo,
392 870 503 909 alter
532 868 799 921 respondeat
830 871 981 910 statim
1012 871 1245 909 sententiis
1277 881 1328 909 ac
1358 871 1507 909 verbis
1538 871 1691 910 simili-

185 938 280 986 bus,
313 940 437 988 cujus
472 941 649 989 generis
682 943 786 978 sunt
816 939 932 989 apud
964 939 1248 978 Theocritum
1282 939 1338 977 id.
1368 939 1420 978 V.
1447 934 1504 977 80
1523 959 1580 965 --
1598 936 1691 980 135.

183 1006 295 1047 VIII.
315 1003 370 1045 33
383 1003 515 1055 —60‚
548 1007 665 1057 apud
683 1007 933 1057 Vergilium
961 1006 1037 1045 ecl.
1060 1006 1129 1045 ΙΙΙ.
1148 1001 1378 1045 60—107.
1398 1007 1491 1045 VII.
1510 1003 1692 1047 21—68.

183 1074 228 1112 Si
260 1075 516 1125 quaerimus
548 1075 602 1113 de
633 1075 831 1121 nomine,
861 1074 1073 1113 videntur
1104 1076 1148 1112 et
1177 1073 1290 1111 haec
1322 1073 1495 1112 cantica
1525 1077 1569 1112 et
1598 1074 1693 1113 lon-

184 1141 309 1191 giora
348 1145 578 1192 pastorum
616 1142 766 1181 odaria
807 1143 853 1181 in
885 1142 1033 1181 Sicilia
1063 1138 1365 1193 βουκολιασμοῢ
1396 1142 1693 1191 appellatione

185 1209 434 1259 significata
474 1220 585 1250 esse.
645 1211 771 1249 Hanc
802 1214 952 1249 tamen
983 1221 1088 1257 rem,
1120 1202 1223 1249 etsi'
1246 1209 1423 1248 silentio
1464 1210 1694 1259 praeteriri

182 1288 272 1317 non
322 1281 515 1328 poterat,
557 1279 917 1330 quandoquidem
949 1277 1230 1317 Zetzschium
1280 1278 1326 1316 in
1378 1278 1692 1318 dissertatione

184 1356 317 1396 supra
356 1346 536 1387 laudata
574 1360 613 1397 p.
644 1343 681 1387 5.
713 1351 801 1387 not.
853 1347 1124 1386 Artemidori
1159 1346 1364 1386 versibus
1396 1347 1451 1387 id.
1483 1347 1595 1399 VIII.
1625 1343 1693 1388 31.

181 1409 247 1454 61.
278 1415 323 1453 in
354 1415 554 1454 fraudem
575 1416 806 1454 inductum
828 1416 1046 1462 videbam,
1076 1416 1327 1453 accuratius
1345 1418 1582 1465 propterea
1602 1426 1692 1454 non

181 1491 434 1533 persequor,
467 1483 584 1534 quod
616 1483 874 1533 spero-fore
904 1487 953 1522 ut
974 1483 1224 1522 Ahrensius
1257 1494 1356 1522 eam
1388 1484 1497 1523 satis
1527 1483 1694 1533 patefa-

184 1551 270 1588 ciat
301 1554 434 1601 atque
465 1551 666 1591 illustret.
723 1553 904 1591 Interim
945 1552 994 1591 cf.
1025 1555 1201 1601 praeter
1232 1563 1297 1599 ea,
1330 1564 1444 1603 quae
1477 1564 1530 1591 ex
1559 1553 1693 1603 hujus

185 1618 378 1658 editione
411 1619 612 1658 concludi
642 1624 842 1669 possunt,
873 1620 927 1658 de
959 1620 1092 1659 variis
1123 1619 1327 1663 vocabuli
1357 1621 1691 1671 significationi-

183 1687 266 1726 bus
306 1687 582 1726 Welckerum
624 1688 701 1738 Op.
743 1689 770 1728 Ι.
817 1700 856 1738 p.
896 1684 983 1727 410
1019 1700 1081 1739 sq.
1151 1689 1282 1738 Apud
1320 1689 1544 1729 Romanos
1585 1691 1688 1730 huic

182 1761 338 1795 cantus
371 1756 524 1806 generi
556 1756 799 1796 alternorum
828 1756 898 1795 vel
930 1769 1115 1797 versuum
1153 1756 1397 1797 alternorum
1426 1768 1590 1797 nomen
1620 1759 1684 1798 in-

182 1825 322 1864 ditum
354 1824 510 1872 fuisse,
541 1835 675 1873 supra
706 1825 1058 1863 commemoravi.
1118 1825 1174 1862 Ut
1204 1828 1354 1862 autem
1384 1826 1564 1874 propius
1588 1827 1683 1874 jam

181 1893 390 1932 accedam
440 1892 495 1931 ad
547 1892 853 1944 quaestionem
903 1892 1197 1943 propositam,
1246 1892 1362 1942 apud
1404 1893 1683 1934 Zetzschium

181 1962 204 2002 l.
236 1961 261 2001 1.
291 1973 329 2011 p.
362 1958 389 1999 7
420 1971 482 2011 sq.
520 1961 630 2000 haec
671 1961 897 2010 leguntur:
938 1961 1055 2007 „Etsi
1097 1964 1245 1999 autem
1290 1971 1344 1998 ex
1383 1961 1452 1998 his
1484 1960 1681 2008 (Theocr.

179 2030 234 2069 id.
284 2029 335 2068 V.
384 2024 613 2067 80—137.
663 2028 772 2067 VIII.
823 2024 1039 2075 32—40)
1089 2031 1318 2079 tamquam
1367 2029 1508 2079 primo
1558 2028 1680 2069 fonte

180 2098 523 2137 amoebaeorum
555 2098 800 2137 carminum
831 2097 957 2147 leges
990 2097 1253 2136 derivandas
1285 2108 1383 2137 esse
1414 2098 1560 2146 video,
1590 2109 1681 2138 non

179 2170 329 2206 tamen
361 2166 576 2214 dubitavi,
628 2167 761 2206 etiam
791 2167 1029 2216 Virgilium
1067 2167 1111 2206 in
1141 2169 1291 2217 partes
1321 2178 1501 2215 vocare,
1553 2168 1679 2216 cujus

180 2235 374 2274 carmina
405 2234 459 2273 ad
491 2235 693 2284 singulos
725 2235 948 2274 Theocriti
987 2235 1108 2274 locos
1139 2235 1210 2274 vel
1241 2236 1523 2285 explicandos
1555 2239 1600 2274 et
1629 2236 1678 2274 il-

179 2303 432 2343 lustrandos
481 2303 552 2340 vel
602 2303 826 2341 sanandos
869 2300 917 2349 (?)
962 2306 1006 2340 et
1056 2302 1356 2341 defendendos
1407 2302 1523 2340 felici
1574 2314 1677 2341 cum

179 2381 390 2411 successu
434 2382 460 2409 a
498 2370 603 2409 viris
654 2370 794 2410 doctis
845 2369 1042 2409 adhibita
1082 2373 1196 2410 sunt.
1254 2370 1309 2409 Et
1339 2370 1449 2410 miro
1487 2371 1679 2422 quodam

178 2452 284 2480 casu
333 2440 509 2487 accidit,
560 2442 607 2478 ut
649 2439 783 2477 etiam
822 2438 867 2477 in
909 2438 1084 2488 Virgilii
1127 2438 1339 2477 bucolicis
1380 2441 1553 2478 exstent
1591 2440 1677 2478 duo

178 2509 423 2548 amoebaea
457 2508 663 2556 carmina,
695 2517 807 2558 quae
837 2517 927 2545 non
958 2509 1132 2545 tantum
1161 2506 1206 2545 in
1239 2506 1428 2557 singulis
1459 2508 1566 2547 locis
1588 2507 1678 2546 fere

178 2578 233 2617 ad
263 2578 450 2616 verbum
480 2578 710 2617 imitentur
739 2575 1021 2623 Theocritea,
1063 2574 1142 2614 sed
1184 2574 1318 2614 etiam
1348 2575 1394 2614 in
1424 2576 1679 2615 universum

179 2648 234 2687 ad
266 2658 420 2686 eorum
451 2647 787 2686 similitudinem
818 2646 880 2684 ita
911 2644 1143 2691 accedant,
1184 2647 1235 2682 ut
1265 2645 1461 2691 alterum,
1492 2644 1578 2682 Ecl.
1610 2645 1678 2682 III.

178 2710 413 2762 60—107,
463 2714 630 2753 mimici
672 2714 729 2754 sit
759 2712 953 2765 generis,
985 2712 1192 2763 alterum,
1242 2712 1329 2754 Ecl.
1360 2711 1449 2753 VII.
1480 2706 1680 2761 21-—68‚

178 2786 315 2836 lyrico
345 2789 465 2825 reete
497 2786 834 2832 adnumeretur,
874 2795 957 2822 nec
988 2785 1171 2822 dubium
1203 2787 1288 2829 est,
1330 2784 1435 2832 quin
1467 2783 1681 2831 Virgilius

179 2854 254 2893 illo
287 2853 510 2893 Theocriti
540 2853 600 2893 Id.
630 2853 682 2902 V,
712 2854 799 2894 hoc
830 2852 1073 2904 exprimere
1103 2850 1291 2892 voluerit
1320 2849 1379 2893 Id.
1409 2848 1521 2892 VIII.
1557 2849 1687 2902 Quae
