1911 3215
938 95 966 141 2

202 217 453 271 loquitur*)‚
483 219 674 268 produnt
705 228 766 263 ea,
798 227 910 267 quae
938 215 993 254 ad
1017 215 1093 255 ecl.
1114 215 1186 256 VI.
1210 212 1233 254 1
1256 216 1507 255 adnotavit:
1547 217 1703 270 „Syra-

204 292 328 339 cosio,·
370 288 473 340 quia
510 286 789 326 Theocritum
825 287 1036 337 praecipue
1077 285 1293 336 sequitur,
1335 284 1537 338 quamvis
1578 287 1706 327 multi

204 358 278 398 alii
308 357 507 396 bucolica
548 351 837 406 scripserint.“
896 354 1012 393 Hinc
1045 366 1181 406 quum
1221 353 1350 394 facile
1382 354 1587 405 colligas,
1627 366 1704 395 no-

203 427 324 466 mina
344 437 507 473 eorum,
540 436 725 476 quorum
749 423 946 463 carmina
968 423 1050 463 sub
1074 424 1298 463 Theocriti
1319 424 1499 463 nomine
1521 424 1705 463 circum—

203 495 413 542 feruntur,
435 493 573 533 Servii
604 493 792 543 ideoque
816 492 950 531 etiam
972 492 1160 543 Vergilii
1182 495 1328 532 aetate
1351 492 1495 532 adhuc
1526 492 1705 543 cognita

204 561 431 610 fuisse**)‚
470 567 563 601 tum
595 561 794 611 Vergilio
824 561 1110 611 praecipuam
1143 561 1323 602 Servius
1355 561 1578 601 Theocriti
1608 561 1704 601 irni-

206 631 419 669 tationem
492 629 691 668 tribuens
750 629 1020 680 reliquorum
1092 630 1439 682 haudquaquam
1502 629 1704 670 excludit.

203 699 326 748 Quae
358 710 493 749 quum
524 698 585 737 ita
617 698 725 747 sint,
756 709 842 748 ego
873 698 918 738 in
950 698 1221 750 exploranda
1249 699 1477 738 Theocriti
1515 699 1704 749 reliquo-

202 777 385 818 rumque
416 769 646 816 poetarum
678 767 977 805 bucolicorum
1010 765 1257 805 imitatione
1290 766 1352 805 ita
1381 766 1613 815 versabor,
1645 769 1703 814 ut,

203 836 278 874 ubi
309 846 397 874 non
418 845 603 875 necesse
634 835 776 883 fuerit,
807 836 920 875 fines
953 846 1106 874 eorum
1130 835 1386 889 carminum,
1418 845 1532 885 quae
1554 837 1705 884 aperte

201 904 423 943 Theocriti
445 907 559 951 sunt,
589 914 679 944 non
702 904 916 955 egrediar,
947 903 1023 943 ubi
1042 913 1115 943 res
1136 904 1235 955 ipsa
1260 904 1538 955 flagitaverit,
1570 904 1705 943 etiam

199 972 370 1023 reliqua
407 972 603 1011 carmina
633 972 678 1011 in
710 972 1018 1022 quaestionem
1049 972 1508 1023 disceptationemque
1541 972 1706 1011 adscis-

202 1051 310 1081 cam.
371 1040 498 1090 Quod
530 1040 691 1092 quibus
723 1040 777 1080 de
810 1040 956 1080 causis
989 1051 1165 1092 quoque
1202 1041 1299 1081 loco
1335 1040 1536 1089 fecerim,
1577 1040 1706 1080 abso—

199 1109 293 1147 luta
327 1111 421 1147 tota
457 1109 718 1147 imitationis
750 1109 1050 1158 disputatione
1091 1109 1366 1148 intellectum
1405 1109 1458 1147 iri
1500 1118 1630 1159 spero
1662 1111 1707 1147 et

201 1176 393 1226 confid03
445 1176 489 1215 in
547 1176 709 1227 capite,
771 1177 889 1228 quod
937 1178 1032 1226 jam
1089 1180 1357 1218 tractaturus
1414 1188 1533 1226 sum,
1590 1178 1703 1218 fines

198 1233 444 1285 carminum
474 1246 739 1284 rusticorum
771 1245 863 1285 fere
894 1257 1115 1297 nusquam
1149 1247 1469 1295 egrediendum
1500 1247 1664 1297 putavi.

309 1313 366 1353 Ut
387 1319 693 1365 cognoscatur,
726 1327 946 1367 quaenam
978 1315 1037 1354 sit
1056 1315 1245 1366 Vergilii
1275 1315 1486 1355 universa
1515 1316 1704 1356 imitatio

196 1383 439 1431 Theocriti,
482 1385 675 1434 primum
706 1388 904 1423 mentem
935 1388 1136 1423 nostram
1168 1384 1223 1423 ad
1252 1387 1502 1434 pastorum,
1544 1385 1619 1435 qui
1650 1385 1704 1423 ab

197 1455 385 1504 utroque
426 1452 716 1502 inducuntur,
760 1453 899 1493 vitam
931 1456 975 1493 et
1014 1464 1162 1493 mores
1205 1453 1489 1493 advertamus
1521 1456 1705 1503 oportet.

198 1521 263 1560 Ac
312 1522 535 1561 Theocriti
586 1522 765 1573 quidem
813 1525 1040 1572 pastores,
1092 1526 1140 1561 ut
1190 1522 1415 1562 ordiamur
1464 1522 1518 1562 ab
1569 1522 1702 1561 rebus

198 1590 404 1637 externis,
434 1601 514 1639 pro
545 1594 765 1630 vestimento
794 1591 956 1643 pellibus
987 1601 1094 1630 usos
1126 1601 1238 1638 esse,
1270 1593 1445 1630 constat
1477 1601 1529 1629 ex
1559 1590 1703 1630 id.111.

195 1653 261 1699 25.
293 1658 343 1699 V.
376 1654 429 1698 14
461 1670 523 1711 sq.
554 1659 646 1700 VII.
680 1654 732 1699 15
766 1670 828 1711 sq.
887 1659 1080 1700 Eosdem
1113 1660 1247 1700 etiam
1283 1660 1328 1699 in
1358 1659 1549 1710 pellibus
1579 1670 1704 1699 recu-

194 1726 300 1765 bare
351 1727 506 1767 solitos
558 1738 658 1767 esse
710 1731 754 1767 et
800 1728 934 1776 hujus
976 1729 1104 1768 strati
1154 1728 1478 1767 mollitudinem
1519 1738 1704 1779 magno-

195 1806 300 1845 pere
339 1796 559 1845 jactasse,
601 1797 866 1848 intelligitur
912 1808 964 1837 ex
1009 1797 1064 1836 id.
1095 1797 1146 1836 V.
1178 1791 1206 1836 8
1236 1808 1329 1848 sqq.
1366 1791 1423 1836 50
1453 1807 1516 1847 sq.
1553 1791 1610 1835 56
1640 1808 1703 1847 sq.

194 1864 261 1902 IX.
305 1860 332 1902 9
374 1874 467 1916 sqq.
533 1865 658 1904 Talia
702 1865 917 1904 imitando
963 1865 1209 1915 exprimere
1255 1865 1300 1903 in
1347 1864 1516 1914 eclogis
1560 1864 1703 1903 noluit

194 1932 441 1982 Vergilius,
493 1946 762 1986 quamquam
812 1934 857 1973 in
887 1933 1088 1973 Aeneide
1134 1934 1295 1972 heroes
1346 1943 1437 1972 non
1484 1932 1702 1971 dubitavit

193 2000 386 2042 ferarum
416 2002 607 2053 pellibus
638 2002 819 2044 indutos
857 1999 1163 2051 inducere***).
1224 2002 1387 2043 Contra
1417 2001 1702 2042 Theocritum

304 2181 337 2223 ⁴¹)
364 2181 469 2223 Quae
495 2180 555 2218 ibi>
574 2180 684 2220 dicit,
710 2181 802 2214 haec
829 2184 932 2214 sunt:
972 2180 1158 2222 „Intentio
1183 2182 1320 2224 poetae
1345 2180 1438 2216 haec
1463 2182 1532 2221 est,
1557 2183 1598 2214 ut
1623 2179 1702 2214 imi-

195 2239 298 2271 tetur
329 2237 573 2272 Theocritum
607 2237 905 2281 Syracusanum,
946 2238 1139 2272 meliorem
1172 2237 1330 2272 Moscho
1371 2241 1409 2272 et
1440 2238 1597 2276 ceteris,
1638 2238 1701 2280 qui

172 2326 176 2330 ,
196 2292 373 2327 Bucolica
399 2294 667 2338 scripserunt.“

289 2350 343 2392 ⁴¹¹⁸)
368 2350 437 2384 His
470 2352 644 2386 addenda
675 2355 762 2386 sunt
794 2364 891 2397 quac
922 2354 1023 2387 idem
1049 2352 1204 2387 Servius
1237 2352 1331 2386 dixit
1354 2362 1389 2395 p.
1414 2353 1457 2385 96
1489 2351 1547 2385 ed.
1572 2349 1699 2384 Lion.:

200 2405 323 2450 „Sane
349 2407 558 2449 sciendum,
590 2408 663 2443 VII
688 2409 841 2454 eclogas
868 2420 955 2446 esse
986 2420 1111 2445 meras
1144 2408 1324 2450 rusticas,
1355 2418 1450 2452 quas
1475 2407 1702 2443 Theocritus

199 2464 331 2498 decem
348 2465 496 2498 habet.“
522 2465 616 2499 Nam
635 2476 679 2499 ex
697 2467 768 2501 hoc
786 2467 869 2501 loco
889 2468 1103 2502 rectissime
1123 2464 1504 2508 conclusitHauptius
1524 2465 1571 2499 de
1590 2476 1702 2500 carm.

197 2521 280 2555 buc.
302 2520 476 2564 Calpurn.
497 2524 535 2554 et
553 2520 701 2555 Nemes.
723 2533 757 2566 p.
778 2524 810 2564 7,
830 2523 1001 2558 Servium
1022 2533 1173 2558 carmen
1191 2521 1409 2557 vicesimum
1429 2523 1466 2555 et
1485 2520 1704 2557 vicesimum

200 2577 401 2622 septimum
427 2577 629 2611 Theocrito
667 2589 742 2612 non
778 2580 1040 2624 adscripsisse.
1088 2581 1140 2614 At
1174 2578 1281 2623 prius
1305 2582 1408 2613 certe
1442 2588 1592 2614 carmen
1623 2580 1703 2623 jam

199 2633 362 2678 Vergilii
386 2635 559 2676 tempore
585 2633 794 2676 exstitisse,
828 2636 1078 2676 imitationes,
1104 2636 1206 2680 apud
1230 2636 1328 2670 hunc
1351 2637 1502 2680 poetam
1527 2646 1624 2681 quae
1647 2636 1702 2671 in·

201 2690 414 2729 veniuntur,
443 2689 542 2723 clare
568 2691 782 2725 ostendunt.

291 2746 354 2790 ***)
381 2745 504 2780 Locos
542 2746 606 2790 qui
630 2747 702 2782 huc
738 2748 879 2783 faciunt
904 2760 1032 2785 omnes
1058 2748 1213 2794 collegit
1243 2748 1447 2785 Lerschius
1472 2750 1559 2784 Ant.
1585 2750 1700 2796 Verg.

201 2814 236 2848 p.
262 2804 303 2838 77
331 2813 415 2847 sqq.
440 2802 567 2847 ibique
592 2804 704 2839 etiam
731 2816 881 2840 causam
905 2807 962 2841 rei
985 2805 1196 2851 explicavit.
