1911 3215
84 7 90 11 .
135 0 196 14 *vrr-

196 0 455 12 wwwnm*=v-—a--»<1=-.-
477 0 481 2 >
502 0 505 3 ν
530 0 562 4 -n-
607 0 613 4 «
637 0 645 2 -
669 0 755 7 .·³-›>-=
781 0 792 3 -v
822 0 823 3 =
847 1 849 3 ·

962 186 1014 229 11

228 310 378 351 verbis
401 308 559 348 iisdem
580 308 815 358 loquentes
837 305 1003 344 faceret
1025 302 1091 353 (cf.
1114 303 1325 344 Fritzsch.
1347 317 1384 354 p.
1409 301 1461 344 19
1482 308 1526 345 et
1545 302 1610 346 23.
1638 306 1742 346 Not-

230 381 308 417 ter.
329 390 369 428 p.
390 374 417 417 4
440 374 561 428 sqq),
593 380 641 415 ut
657 376 711 415 id.
731 376 780 414 X.
795 371 853 414 42
873 384 965 426 sqq.
1002 374 1217 413 Milonem
1245 374 1490 414 sententias
1522 374 1577 413 ad
1606 375 1744 414 vitam

231 448 442 490 rusticam
455 446 730 497 pertinentes
746 442 1109 494 pronuntiantem
1127 442 1368 482 induceret.
1396 442 1508 481 Nam
1526 455 1637 494 quae
1656 442 1743 482 duo

231 518 380 568 posuit
409 516 587 556 Hauler.
619 515 644 555 l.
675 514 701 555 l.
732 525 769 564 p.
792 509 848 553 52
869 522 948 565 sq,
979 512 1102 552 illam
1134 512 1402 553 cantilenam
1436 514 1512 552 aut
1543 525 1596 551 ex
1626 512 1744 553 Sosi-

231 586 324 627 thei
354 580 570 638 Λιτυέρσου
614 584 691 623 aut
723 592 746 622 e
788 581 1038 622 cantilenae
1076 581 1363 622 theristarum
1403 580 1647 631 popularis,
1689 582 1744 621 de

233 666 319 707 qua
350 653 548 694 laudavit
575 651 735 691 Athen.
767 650 877 690 XIV.
907 662 946 700 p.
977 645 1072 689 619.
1105 661 1140 698 a,
1171 649 1420 690 imitatione
1453 650 1745 699 compositam

233 732 352 770 esse,
395 733 449 761 ex
480 721 550 760 his
584 720 727 759 solum
770 719 994 769 posterius
1040 718 1345 768 accipiendum
1388 729 1488 758 esse
1528 718 1745 757 existimo.

231 792 434 842 Denique
467 790 509 829 in
545 802 596 829 eo
630 789 764 829 etiam
806 789 1002 828 carmina
1041 789 1282 838 pastoralia
1326 792 1429 827 ante
1475 788 1628 827 oculos
1670 789 1747 827 ha-

231 861 385 901 buisse
415 860 611 906 videtur,
654 859 772 910 quod
805 858 1034 897 Comatam
1067 858 1224 909 apibus
1254 857 1468 897 nutritum
1501 856 1661 897 cecinit
1692 855 1747 897 id.

233 925 414 969 v11478
445 941 558 980 sqq,
607 929 660 966 de
703 939 789 979 quo
830 928 927 967 loco
961 927 1009 966 cf.
1038 931 1216 978 praeter
1258 927 1546 966 scholiastam
1578 925 1745 965 Ameis.

233 1000 344 1037 Adn.
377 1012 415 1048 p.
445 996 522 1045 47,
566 998 682 1048 quod
713 998 963 1035 Menalcam
995 1007 1085 1035 una
1125 1007 1225 1035 cum
1267 995 1500 1047 Daphnide
1541 994 1748 1046 produxit

234 1070 290 1107 id.
321 1070 422 1106 VIII
463 1070 507 1105 et
543 1068 600 1104 IX
633 1066 699 1112 (cf.
732 1077 822 1115 arg.
854 1066 907 1104 id.
939 1066 1040 1105 VIII
1071 1069 1115 1104 et
1146 1066 1280 1104 schol.
1313 1065 1368 1104 ad
1398 1075 1436 1105 V.
1475 1060 1568 1111 55),
1611 1064 1747 1115 quod-

234 1147 320 1186 que
351 1136 395 1173 in
424 1135 576 1183 idyllio
608 1134 750 1184 primo
781 1134 1062 1184 Daphnidem
1091 1133 1280 1172 infelicis
1317 1133 1482 1172 amoris
1524 1142 1659 1171 causa
1700 1142 1747 1170 se

232 1205 278 1243 in
319 1204 479 1242 fluctus
521 1203 841 1252 praecipitasse
884 1202 1089 1241 narravit.
1149 1202 1214 1240 De
1255 1202 1387 1250 hujus
1429 1201 1569 1250 idyllii
1611 1211 1748 1240 sensu

233 1283 369 1322 quum
401 1271 515 1309 infra
546 1272 796 1310 accuratius
829 1271 1134 1320 disputaturus
1177 1270 1282 1317 sim,
1328 1270 1399 1308 hic
1441 1270 1550 1307 satis
1603 1269 1746 1307 habeo

233 1343 409 1380 tantum
432 1340 648 1388 attulisse,
671 1351 758 1379 non
783 1342 901 1378 recte
925 1339 1032 1377 mihi
1051 1339 1199 1389 egisse
1220 1339 1356 1377 videri
1371 1338 1620 1377 Ameisium
1634 1338 1746 1377 Anu.

233 1409 334 1459 phil.
368 1411 412 1448 et
442 1409 565 1459 paed.
600 1403 721 1448 1845.
750 1403 818 1448 45.
849 1403 887 1448 2.
918 1420 956 1457 p.
981 1403 1062 1447 107
1095 1419 1167 1459 sq.‚
1200 1408 1373 1455 idcirco,
1407 1408 1509 1458 quia
1536 1411 1669 1457 poeta
1691 1407 1746 1446 id.

230 1478 337 1516 ΧΙΙΙ.
370 1478 460 1516 XV.
506 1474 597 1516 124.
657 1477 785 1515 XXII.
817 1472 873 1514 27
905 1488 930 1514 a
969 1476 1144 1525 vulgari
1185 1479 1437 1515 narratione
1480 1477 1745 1523 deflexisset,

232 1545 474 1585 verisimile
507 1555 607 1584 esse
637 1547 881 1593 putantem,
913 1545 955 1582 id
985 1546 1119 1583 etiam
1139 1545 1183 1582 in
1206 1546 1289 1583 hoc
1313 1548 1578 1595 argumento
1599 1547 1746 1595 pasto-

231 1613 332 1652 ritio
363 1612 530 1653 factum
563 1624 676 1652 esse.

346 1684 393 1721 In
427 1683 496 1721 his
529 1683 736 1722 omnibus
769 1682 905 1732 igitur
937 1693 1073 1733 quum
1106 1682 1390 1722 Theocritum
1424 1685 1580 1723 cantus
1610 1693 1748 1732 popu-

231 1751 335 1789 laris
367 1750 548 1789 modum
580 1762 632 1790 ac
662 1751 881 1789 rationem
914 1753 1121 1790 accurate
1153 1751 1427 1802 expressisse
1460 1750 1744 1797 ostenderim,

225 1821 322 1867 jam
355 1820 657 1870 quaerendum
692 1822 779 1867 est,
822 1830 908 1870 quo
948 1820 1079 1859 modo
1112 1820 1336 1870 Vergilius
1378 1821 1422 1858 in
1466 1832 1519 1859 ea
1558 1832 1605 1859 re
1646 1832 1745 1859 cum

231 1891 410 1928 auctore
443 1899 525 1928 suo
558 1891 727 1929 certare
759 1889 964 1938 potuerit.
1025 1889 1142 1928 Leve
1175 1893 1262 1937 est,
1302 1890 1418 1939 quod
1457 1901 1513 1929 ne
1553 1891 1745 1929 rusticos

233 1956 411 2008 quidem
432 1957 660 1996 Romanos
694 1956 875 2007 ingenio
899 1956 1071 2006 poetico
1095 1956 1332 1997 destitutos
1355 1958 1505 2005 fuisse,
1536 1959 1747 2007 pulchrae

231 2025 452 2076 imagines
493 2024 706 2075 produnt,
749 2024 912 2076 quibus
955 2028 1135 2064 auctore
1167 2026 1309 2066 Plinio
1342 2024 1410 2073 (H.
1441 2027 1488 2066 N.
1520 2027 1629 2067 XVI.
1671 2023 1744 2073 39)

231 2105 309 2133 ver
339 2094 392 2133 ab
429 2094 483 2133 iis
524 2093 879 2144 significabatur,
921 2094 1121 2144 gravius,
1163 2095 1280 2146 quod
1317 2095 1451 2134 iidem
1491 2107 1569 2146 per
1615 2095 1745 2136 festo—

231 2175 328 2202 rum
368 2165 615 2213 agrestium
659 2164 989 2203 solemnitatem
1031 2164 1214 2202 alternis
1259 2164 1376 2202 inter
1420 2176 1467 2203 se
1501 2166 1749 2205 ‚certabant

232 2230 300 2277 (cf.
331 2232 600 2282 Bernhardy.
633 2233 685 2271 H.
716 2233 761 2271 L.
792 2233 838 2271 R.
871 2233 894 2271 l.
927 2232 951 2271 l.
991 2236 1035 2271 et
1065 2233 1242 2272 Lersch.
1275 2233 1373 2272 Ant.
1408 2235 1539 2284 Verg.
1571 2247 1609 2284 p.
1650 2231 1746 2281 257,

230 2299 305 2349 qui
336 2299 453 2338 hunc
485 2312 654 2340 morem
686 2312 711 2339 a
743 2300 899 2339 Tuscis
931 2299 1106 2350 repetit)
1140 2305 1184 2340 et
1214 2302 1417 2341 versibus
1450 2314 1521 2342 res
1554 2304 1745 2342 rusticas

229 2366 474 2415 tradebant,
508 2373 555 2407 ut
585 2377 769 2418 apparet
801 2381 854 2408 ex
884 2370 1067 2420 antiquo
1100 2371 1312 2419 exemplo,
1346 2375 1521 2410 servato
1554 2383 1580 2410 a
1610 2372 1745 2411 Festo

231 2449 262 2478 s,
292 2448 330 2478 v.
362 2437 658 2478 Flaminius
692 2437 944 2478 Camillus
976 2437 1197 2486 „Hiberno
1234 2440 1436 2489 pulvere,
1477 2453 1614 2480 verno
1652 2442 1745 2481 luto

231 2507 418 2557 grandia
448 2507 583 2556 farra,
627 2506 828 2556 Camille,
870 2505 1054 2564 metesf‘,
1087 2508 1204 2559 quod
1243 2509 1359 2548 inter
1391 2511 1639 2550 cantilenas
1671 2523 1746 2560 po-

229 2576 407 2625 pulares
438 2577 588 2616 retulit
619 2576 781 2616 Zellius
803 2576 1179 2617 Ferienschriften
1200 2578 1248 2618 ΙΙ.
1271 2591 1309 2628 p.
1331 2575 1424 2619 207.
1458 2580 1517 2619 At
1548 2580 1744 2619 caruisse

233 2654 310 2682 eos
341 2655 524 2693 prorsus
557 2645 647 2685 fere
680 2645 841 2686 sabulis
873 2646 1178 2696 popularibus,
1224 2652 1331 2687 nota
1363 2660 1432 2688 res
1481 2652 1549 2688 est
1596 2648 1745 2687 obser-

231 2712 440 2763 vavitque
483 2714 617 2753 etiam
658 2715 972 2764 Bernhardyus
1015 2715 1039 2755 1.
1071 2716 1095 2755 l.
1135 2729 1174 2766 p.
1218 2712 1299 2755 172
1338 2729 1377 2756 n.
1422 2712 1514 2756 116.
1575 2717 1744 2766 Quibus

230 2782 292 2820 ita
323 2783 608 2831 comparatis,
642 2787 759 2823 certe
792 2784 1010 2836 quaedam
1041 2788 1175 2835 poeta
1206 2786 1371 2833 habuit,
1403 2796 1516 2837 quae
1550 2796 1603 2824 ex
1647 2785 1745 2836 ipsa

231 2851 323 2890 vita
354 2851 644 2901 depromeret.
706 2853 793 2893 Sed
834 2853 876 2893 id
919 2864 1064 2906 neque
1102 2854 1302 2905 potuisse
1344 2866 1488 2905 neque
1536 2854 1745 2897 debuisse

229 2920 347 2961 illius
381 2930 482 2961 esse
514 2921 759 2971 consilium,
792 2923 941 2964 statim
974 2923 1265 2975 intelligetur,
1298 2924 1373 2964 ubi
1405 2924 1450 2963 in
1481 2926 1746 2968 memoriam
