1911 3215
882 96 937 142 19

156 216 403 266 probabilis·
417 219 488 258 est
500 217 707 257 Palmerii
725 216 957 264 sententia,
980 223 1113 267 quam
1130 214 1155 253 l.
1171 214 1196 252 l.
1214 215 1360 253 attulit
1377 214 1659 261 Fritzschius,

156 284 446 325 Philoxenum
477 284 552 324 illo
582 285 678 325 loco
710 284 948 335 designari.
1006 283 1220 323 Comatae
1252 282 1485 321 historiam
1522 292 1658 332 quum

158 360 290 403 supra
320 353 505 392 dixerim
536 353 633 392 sine
665 352 797 391 dubio
825 353 984 391 notum
1005 353 1164 390 cantus
1184 349 1405 398 pastoritii
1426 360 1660 400 argumen-

157 425 252 462 tum
281 421 441 469 fuisse,
485 428 604 460 nunc
641 419 689 459 id
727 419 784 459 ad
823 419 1114 459 refellendum
1155 418 1265 458 satis
1308 427 1409 457 esse
1447 423 1574 468 puto,
1622 418 1661 457 si

157 490 371 530 alterutra
400 489 623 530 sententia
651 496 757 529 vera
783 491 913 536 esset,
946 487 1079 528 etiam
1099 487 1182 527 sub
1202 485 1450 537 Daphnidis
1471 486 1661 535 nomine,

159 560 234 610 qui
283 559 441 599 eodem
491 559 813 598 sententiarum
863 558 1018 597 ordine
1069 569 1168 596 cum
1220 557 1403 596 Comata
1449 556 1662 605 jungitur,

156 633 311 667 verum
343 627 569 667 hominem
590 627 730 667 latere
752 625 1096 669 existimandum
1118 635 1229 665 esse.
1280 624 1409 674 Quod
1431 634 1567 676 quum
1588 624 1662 663 ab·

158 697 340 735 surdum
372 696 440 744 sit,
470 693 578 735 illud
610 705 785 747 quoque
814 692 1072 739 incredibile
1103 697 1183 733 est.
1240 694 1343 732 Jam
1376 695 1424 731 ut
1454 703 1508 731 ea
1539 693 1663 731 brevi

157 762 439 815 complectar,
473 775 585 816 quae
616 764 760 804 adhuc
792 764 1018 814 disputata
1049 765 1170 810 sunt,
1202 764 1400 811 apparet,
1431 770 1488 800 ne
1520 761 1662 800 Theo-

158 834 315 873 critum
355 834 533 885 quidem
572 832 863 883 dedignatum
906 842 1008 872 esse
1044 832 1090 870 in
1131 830 1408 881 argumentis
1451 830 1662 869 bucolicis

156 902 227 942 vel
256 901 445 942 mimicis
475 902 547 942 vel
577 905 728 953 aperte
756 900 828 941 vel
857 904 974 941 tecte
1005 899 1166 940 aetatis
1199 909 1306 939 suae
1338 898 1543 939 homines
1569 897 1688 938 lau-¹

158 971 262 1011 dare
293 975 337 1010 et
368 972 603 1020 castigare,
645 974 778 1021 atque
808 970 853 1008 id
885 981 986 1008 cum
1017 969 1071 1007 de
1104 969 1293 1018 septimo
1324 968 1494 1017 idylliO,
1534 968 1661 1015 cujus

158 1039 365 1078 universa
401 1038 574 1078 indoles
611 1038 887 1089 aliquantum
928 1049 955 1076 a
995 1037 1204 1077 carminis
1244 1035 1463 1086 pastoritii
1504 1040 1663 1075 natura

156 1106 344 1154 recedat,
375 1107 536 1146 mirum
568 1115 668 1146 esse
699 1117 788 1145 non
820 1108 964 1157 queat,
995 1105 1114 1144 idem
1146 1104 1200 1144 de
1232 1104 1415 1155 reliquis
1442 1103 1683 1160 affirmare·

157 1185 246 1225 non
276 1175 428 1221 licere,
469 1176 524 1214 ad
556 1175 842 1225 allegoricam
873 1177 1024 1213 autem
1056 1173 1252 1223 speciem
1282 1183 1418 1223 prope
1451 1173 1662 1212 accedere

157 1242 212 1283 id.
242 1239 301 1282 ΙΙΙ
332 1246 375 1283 et
405 1242 475 1293 iv,
517 1254 786 1296 quamquam
818 1245 863 1283 et
892 1242 964 1282 hic
995 1246 1041 1282 et
1070 1242 1235 1294 ubique
1268 1239 1455 1292 (excipio
1488 1253 1665 1292 semper

158 1312 211 1351 id.
232 1310 328 1358 Vn)
360 1316 493 1361 poeta
514 1313 694 1359 curavit,
725 1316 774 1350 ut
794 1315 1025 1361 pastorum
1047 1312 1410 1361 reliquorumque
1432 1311 1662 1350 hominum

155 1380 293 1419 indoli
315 1383 359 1419 et
379 1380 577 1419 moribus
600 1379 903 1419 describendis
925 1379 1089 1418 veritas
1110 1379 1237 1417 vitae.
1252 1382 1515 1418 servaretur.
1549 1379 1661 1418 Nam

158 1448 202 1486 id
231 1448 476 1486 tenendum
507 1456 684 1496 semper
714 1456 826 1494 esse,
856 1446 967 1484 vidit
990 1447 1087 1494 jam
1117 1446 1419 1485 Finkenstein.
1450 1457 1489 1495 p.
1520 1442 1633 1496 46.*)

271 1515 458 1565 Vergilii
500 1516 582 1555 toti
625 1515 752 1565 poesi
795 1515 1022 1554 bucolicae
1069 1515 1326 1554 auctoribus
1374 1514 1663 1564 Bernhardyo

158 1585 208 1623 H.
239 1583 284 1621 L.
314 1584 360 1622 R.
391 1595 430 1632 p.
460 1579 546 1622 412
576 1583 640 1621 ed.
663 1582 702 1621 II
732 1585 776 1621 et
806 1582 1006 1621 Ameisio
1027 1582 1140 1621 Anu.
1171 1583 1275 1632 phil.
1309 1586 1353 1621 et
1382 1583 1507 1632 paed.
1541 1577 1661 1622 1851).

156 1649 193 1690 4.
222 1647 290 1690 61ἱ
321 1663 359 1701 p.
389 1647 473 1689 373
505 1650 737 1702 allegoricae
766 1660 930 1690 nomen
960 1650 1245 1689 tribuendum
1277 1660 1390 1698 esse,
1423 1651 1461 1689 si
1489 1651 1663 1691 univer-

154 1729 251 1759 sam
290 1718 514 1771 quandam
558 1718 900 1768 appellationem
944 1718 1220 1769 quaerimus,
1278 1719 1487 1770 equidem
1541 1719 1662 1759 haud

157 1788 426 1838 negaverim.
484 1786 544 1825 At
574 1787 770 1825 nondum
800 1797 828 1825 a
857 1797 1082 1837 quoquam
1112 1787 1356 1826 indicatum
1386 1787 1535 1835 video,
1572 1788 1661 1827 duo

157 1866 324 1906 genera
349 1856 486 1904 probe
517 1854 809 1893 discernenda
841 1864 962 1902 esse,
1006 1866 1194 1905 quorum
1232 1857 1421 1895 alterurn
1463 1868 1488 1894 a
1519 1857 1662 1895 Theo-

156 1925 264 1963 crito
295 1926 524 1972 acceptum
554 1921 863 1961 tantummodo
895 1922 1196 1973 amplificavit,
1236 1924 1425 1962 alterum
1455 1923 1661 1963 fortunae

156 1993 422 2032 necessitate
454 1994 634 2029 coactus
664 1992 760 2040 ipse
790 1991 924 2029 finxit.
974 1992 1201 2029 Posterius
1234 1992 1381 2029 solum
1412 2003 1437 2029 a
1459 1992 1661 2042 Vergilio

155 2063 416 2112 usurpatum
445 2067 562 2108 esse,
602 2059 713 2100 falso
743 2059 907 2110 legitur
935 2060 982 2100 in
1013 2059 1240 2101 Servianis
1272 2060 1328 2100 ad
1369 2060 1446 2101 ecl.
1477 2062 1547 2102 111.
1585 2056 1659 2102 20:

155 2126 437 2176 „refutandae
469 2132 574 2166 sunt
603 2128 844 2177 allegoriae
874 2128 920 2166 in
950 2128 1152 2167 bucolico
1184 2129 1399 2175 carmine,
1432 2130 1518 2168 nisi
1549 2141 1661 2177 cum,

159 2202 206 2237 ut
224 2208 359 2247 supra
380 2197 570 2236 diximus
593 2194 666 2244 (ad
688 2197 764 2237 ecl.
787 2197 814 2236 Ι.
839 2193 892 2246 1),
916 2208 969 2236 ex
989 2197 1138 2249 aliqua
1159 2207 1368 2248 agrorum
1388 2198 1662 2248 perditorum

156 2262 423 2303 necessitate
456 2262 766 2301 descendunt.“
824 2265 864 2301 A
894 2265 1131 2303 Theocrito
1160 2266 1352 2313 primum
1381 2264 1467 2302 hoc
1498 2266 1661 2313 didicit,

156 2338 205 2372 ut
236 2332 331 2382 ejus
362 2329 502 2382 idyllii
530 2330 650 2370 tertii
679 2328 851 2369 ratione
882 2330 1035 2370 habita
1063 2331 1107 2371 in
1129 2332 1330 2371 omnium
1351 2342 1463 2383 quas
1486 2333 1662 2384 scripsit

157 2402 411 2450 eclogarum
430 2400 572 2450 prima
594 2397 687 2446 (ecl.
709 2396 831 2446 11)**)
857 2399 939 2438 sub
963 2398 1207 2449 Corydonis
1229 2401 1410 2440 nomine
1433 2412 1481 2440 se
1504 2402 1662 2451 ipsum,

246 2532 277 2574 ¹)
302 2531 440 2567 Mirum
463 2534 543 2573 est,
568 2531 670 2575 quod
694 2533 844 2566 veteres
870 2531 1106 2575 grammatici
1129 2532 1251 2574 latini,
1287 2532 1442 2567 Servius
1467 2534 1585 2577 praef.
1611 2533 1661 2568 ad

157 2588 223 2624 ecl.
246 2599 283 2632 p.
308 2589 351 2622 96
377 2590 435 2623 ed.
460 2587 567 2623 Lion.
592 2591 630 2623 et
652 2588 751 2622 Don.
775 2587 840 2622 vit.
865 2587 1005 2623 XXIII.
1030 2589 1108 2630 fin.‚
1141 2601 1163 2624 a.
1188 2590 1392 2624 Theocrito
1418 2591 1542 2625 omnia
1575 2591 1659 2625 sim·

158 2646 305 2690 pliciter
329 2646 574 2689 pronuntiata
598 2656 682 2681 esse
708 2645 994 2682 contenderunt.
1044 2647 1252 2692 Vergilium
1281 2648 1402 2692 ipsum
1434 2647 1544 2682 aliter
1577 2658 1659 2683 scn-

159 2703 265 2743 sisse,
291 2712 311 2736 e
337 2701 592 2745 disputatione
617 2713 701 2737 mea
726 2703 934 2746 apparebit.

247 2758 292 2802 **)
317 2757 495 2803 Eclogam
520 2760 723 2794 secundam
747 2759 911 2793 omnium
935 2760 1094 2803 primam
1113 2760 1243 2801 fuisse,
1269 2761 1339 2795 hac
1357 2759 1396 2794 in
1413 2771 1529 2795 causa
1548 2771 1662 2806 quam

156 2816 314 2851 maxime
332 2816 581 2860 reputandum
601 2820 675 2858 est;
697 2827 780 2851 nam
798 2816 861 2850 illo
874 2820 1046 2861 tempore
1061 2818 1225 2852 nondum
1239 2827 1419 2863 agrorum
1433 2820 1663 2854 necessitate

1334 2877 1383 2912 2*
