1911 3215
938 123 991 166 71

215 241 254 282 si
283 252 321 283 V.
351 237 407 281 56
437 242 502 283 ita
532 243 803 281 exaraveris:
834 236 895 280 τὶν
927 235 1030 295 ἅμα,
1061 243 1147 291 παῖ,
1176 238 1323 293 ἐσορῶν
1353 236 1431 281 τὰν
1457 235 1637 282 Σικελὰν
1667 238 1710 290 ἐς

215 301 355 361 ἅλα*).
416 310 525 352 Cum
556 312 780 352 structura
808 310 932 351 verbi
963 306 1106 365 ἐσορᾶν
1138 310 1187 352 cf.
1219 310 1273 351 id.
1304 311 1376 352 VL
1404 306 1459 352 35
1490 307 1533 360 ἐς
1563 304 1711 352 πόντον

219 376 430 431 ἔσέβλεπον
462 376 696 433 (ἐσέδρακον
727 391 751 419 e
777 381 899 420 Junt.
939 378 1156 427 Abx-ens).
1216 380 1340 418 Haec
1370 381 1624 428 conjectura
1669 379 1707 418 si

218 447 319 489 ferri
348 458 482 500 posse
512 448 707 497 videtur,
758 447 980 498 Daphnidi
1011 448 1193 498 stropha
1224 447 1498 498 assignanda
1528 452 1613 496 est,
1665 448 1710 488 in

216 529 346 569 quem
384 518 520 556 etiam
557 516 719 555 ideirco
760 516 986 561 convenit,
1037 516 1139 566 quia
1178 527 1290 566 quae
1322 527 1376 554 ex
1406 515 1476 554 his
1507 517 1709 555 versibus

214 585 357 625 elucet
385 584 578 635 pastoris
608 583 780 624 indoles
811 594 900 623 non
945 583 1121 623 diversa
1161 583 1215 622 ab
1247 583 1322 623 illa
1361 586 1449 632 est,
1501 595 1635 636 quam
1664 584 1710 624 in

215 654 416 694 versibus
457 653 732 703 antegressis
776 653 970 703 conspici
1011 662 1145 702 supra
1176 652 1274 692 dixi.
1334 652 1497 691 Ultima
1529 652 1711 702 stropha

217 733 370 774 quum,
420 721 507 760 nisi
548 720 603 760 ad
644 721 886 760 lubidinem
928 723 1085 760 cantus
1127 720 1358 760 amoebaei
1393 720 1518 772 leges
1556 721 1712 761 violari

214 800 345 841 posse
370 790 604 840 putaveris
634 789 864 828 Menalcae
894 789 1029 827 tribui
1060 791 1262 839 nequeat,
1294 788 1404 826 nihil
1433 791 1592 837 restat,
1626 788 1712 827 nisi

218 861 267 898 ut
296 857 623 905 existimemus,
663 857 707 896 in
739 857 922 907 stropha
951 856 1122 907 perdita
1154 856 1435 896 sublimiores
1467 860 1511 896 et
1542 857 1713 907 magni-

215 926 469 965 ficentiores
502 925 855 975 comparationes
885 924 1081 974 prolatas
1112 922 1271 971 fuisse,
1317 924 1371 962 iis
1403 925 1608 964 videlieet
1638 936 1713 975 op-

213 993 403 1043 positas,
455 1004 568 1044 quae
609 993 819 1043 leguntur
848 1004 885 1032 V.
917 988 972 1031 57
1004 994 1048 1030 et
1077 986 1143 1031 58.
1202 992 1315 1031 Nam
1349 1004 1405 1031 ne
1438 1004 1491 1032 ex
1522 993 1711 1032 duorum

215 1064 511 1101 extremorum
540 1070 752 1099 versuum
783 1060 1021 1106 sententia,
1066 1059 1297 1098 Menalcae
1337 1060 1453 1098 hanc
1485 1061 1713 1110 stropham

215 1127 466 1168 habendam
489 1137 600 1177 esse,
622 1127 947 1178 conjiciendum
970 1126 1136 1175 credaS,
1168 1126 1284 1179 quod
1305 1127 1466 1167 accidit
1483 1127 1713 1168 Zetzschio

214 1210 252 1248 p.
283 1193 339 1237 24
369 1208 450 1247 sq.,
501 1196 828 1237 inconsiderato
858 1196 1144 1236 Wernsdorfii
1169 1196 1337 1243 judicio
1379 1194 1420 1242 (l.
1451 1196 1476 1235 l.
1507 1209 1545 1246 p.
1577 1193 1710 1244 21)**)

213 1264 258 1305 in
298 1264 497 1304 fraudem
538 1265 738 1312 inducto,
788 1264 859 1304 vel
890 1264 974 1304 hoc
1003 1266 1144 1311 vetat,
1194 1263 1312 1315 quod
1345 1275 1368 1303 e
1400 1264 1712 1305 concinnitatis

213 1334 314 1384 lege
346 1333 503 1373 eadem
535 1334 774 1379 excusatio,
822 1334 949 1373 Jovis
988 1333 1239 1382 exemplum
1270 1333 1410 1371 amori
1440 1336 1720 1382 praetexenS,

215 1402 350 1441 etiam
394 1401 521 1440 alteri
564 1401 732 1451 pastori
762 1400 1019 1450 usurpanda
1057 1399 1150 1440 fuit.
1210 1400 1427 1448 Ceterum,
1458 1412 1594 1452 quum
1625 1413 1717 1441 una

215 1473 334 1509 certe
384 1468 630 1518 Daphnidis
689 1468 871 1518 stropha
931 1468 1160 1514 exciderit,
1219 1479 1308 1507 non
1369 1479 1554 1508 necesse
1614 1479 1715 1508 esse

215 1537 430 1583 existimo,
463 1536 580 1587 quod
610 1547 633 1575 e
653 1535 866 1575 Meinekii
899 1535 1121 1574 sententia
1150 1534 1254 1574 fecit
1275 1535 1533 1584 Ahrensius,
1563 1537 1715 1577 Naidis

214 1615 378 1643 nomen
409 1604 455 1643 in
484 1615 522 1644 v.
549 1600 604 1643 43
637 1603 797 1644 inferri.
857 1603 969 1644 Nam
1009 1606 1185 1654 poterat
1221 1614 1377 1643 verum
1418 1605 1514 1654 ejus
1550 1616 1714 1645 nomen

214 1674 258 1712 in
299 1673 383 1712 hac
422 1673 519 1723 ipsa
550 1673 733 1723 stropha
762 1672 983 1722 prolatum
1032 1682 1143 1711 esse.
1174 1690 1231 1697 -—
1260 1672 1341 1712 His
1383 1673 1437 1712 de
1477 1674 1714 1713 Theocrito

215 1740 470 1792 disputatis,
514 1741 610 1790 jam
655 1740 712 1781 ad
742 1740 929 1791 Vergilii
978 1741 1174 1780 carmina
1217 1741 1438 1781 accedam.
1497 1743 1546 1782 In
1587 1743 1714 1792 cujus

215 1810 420 1850 cantibus
451 1809 708 1849 amoebaeis
739 1812 946 1851 accurate
983 1810 1221 1849 observata
1260 1813 1330 1849 est
1360 1821 1414 1849 ea
1443 1810 1533 1857 lex,
1581 1822 1713 1862 quam

214 1889 348 1929 supra
375 1878 518 1929 primo
548 1877 644 1917 loco
674 1876 814 1928 posui.
865 1875 1071 1917 Secunda
1103 1887 1157 1916 ex
1186 1877 1241 1917 iis
1271 1877 1459 1928 legibus
1491 1889 1603 1929 quas
1635 1879 1710 1919 ob-

216 1948 471 1987 servaverat
500 1945 782 1992 Theocritus,
832 1948 966 1995 poeta
994 1945 1222 1985 Romanus
1267 1946 1329 1984 ita
1374 1957 1482 1986 usus
1530 1950 1616 1993 est,
1667 1951 1714 1987 ut

216 2015 393 2066 saepius
435 2025 569 2065 quam
611 2013 684 2053 ille
730 2013 1022 2065 oppositionis
1061 2013 1237 2053 vinculo
1277 2014 1541 2053 certantium
1579 2015 1713 2054 canti-

217 2083 344 2123 lenas
375 2082 675 2132 conjungeret.
734 2080 793 2121 Cf.
825 2081 902 2121 ecl.
932 2081 1001 2120 III.
1031 2076 1240 2121 72-75
1269 2075 1392 2121 80--
1409 2076 1475 2121 83.
1506 2077 1713 2123 88-91.

215 2150 306 2190 VII.
326 2145 520 2190 37—60.
539 2150 707 2192 Verum
728 2150 918 2192 eandem
937 2152 1089 2190 tamen
1108 2161 1197 2190 non
1218 2151 1358 2190 semel
1387 2151 1530 2200 laesit,
1561 2155 1610 2191 ut
1638 2164 1715 2203 pu-

214 2219 325 2259 tavit
338 2219 596 2259 Zetzschius
626 2232 665 2269 p.
698 2214 763 2266 10,
794 2219 873 2258 sed
903 2219 972 2258 bis
1004 2219 1079 2259 ecl.
1110 2219 1179 2258 III.
1208 2214 1389 2258 60-63.
1420 2219 1511 2258 VII.
1532 2215 1714 2259 45—52.

217 2286 304 2327 Sed
326 2297 520 2334 causam,
553 2286 840 2337 quamobrem
862 2287 905 2325 id
927 2286 1056 2325 aliter
1075 2287 1168 2325 fieri
1190 2287 1261 2325 vix
1281 2286 1482 2336 potuerit,
1513 2297 1657 2337 neque
1689 2298 1716 2325 a

311 2475 340 2518 *J
365 2475 545 2510 Fortasse
569 2475 694 2509 tamen
720 2482 740 2508 e
766 2471 874 2507 codd.
899 2471 933 2507 k.
959 2471 1004 2514 Q.
1028 2470 1215 2511 Σικελικὰν
1240 2471 1276 2514 ἐς
1301 2468 1369 2509 ἅλα
1393 2474 1532 2510 omisso
1557 2474 1714 2510 articulo

217 2533 476 2577 reponendum
502 2535 571 2567 est.

298 2613 343 2656 **)
370 2613 529 2649 Omnino
549 2612 829 2648 Wernsdorfius
846 2611 885 2644 in
904 2610 1174 2645 dissertatione
1192 2622 1260 2646 sua
1279 2622 1393 2656 saepe
1411 2611 1560 2647 modum
1586 2619 1714 2654 egres-

219 2682 283 2706 sus
309 2673 377 2705 est.
404 2670 461 2704 Ita
485 2682 521 2715 p.
545 2670 589 2706 23
616 2681 671 2715 sq.
696 2680 770 2704 non
795 2670 899 2704 reete
934 2667 1097 2713 aliquam
1128 2679 1273 2704 morum
1304 2668 1561 2704 diversitatem
1600 2667 1713 2703 etiam

217 2730 257 2765 in
281 2728 444 2765 carmine
470 2730 673 2763 amoebaeo
699 2726 821 2772 idyllii
846 2726 967 2770 quinti
991 2726 1160 2761 invenire
1186 2727 1257 2760 sibi
1281 2727 1383 2760 visus
1409 2728 1484 2766 est,
1528 2725 1713 2769 planeque

219 2787 382 2823 ridicula
420 2787 523 2826 sunt,
563 2795 659 2830 quae
684 2796 718 2830 p.
743 2785 783 2821 21
812 2784 858 2819 de
882 2783 1054 2819 Menalca
1078 2784 1186 2819 dixit:
1215 2783 1434 2828 „Agnoscas
1457 2782 1626 2817 inflatum
1650 2783 1713 2817 ho·

220 2844 466 2886 mancionem,
492 2842 557 2889 qui
582 2843 674 2879 deos
699 2844 830 2888 crepet
854 2841 1040 2877 assidue.“
