1911 3215
0 701 23 913 2r..:3!5·⁵m
0 618 22 703 rin»
17 588 20 592 ,
4 548 17 561 τε

828 137 888 183 27

105 261 182 298 aut
212 272 258 300 en
288 258 355 309 (V.
385 255 451 300 65.
511 260 582 299 VI.
612 254 669 299 69
700 261 744 299 et
772 257 985 309 peculiari
1015 265 1153 297 sensu
1185 255 1397 305 subjecto,
1435 256 1489 296 de
1521 266 1607 309 quo

110 328 160 370 cf.
191 330 412 381 Wagner,
446 325 480 369 1.
530 324 587 369 72
617 338 679 380 sq.
738 328 850 368 VIII.
887 322 915 366 7
965 323 1088 379 sqq.),
1136 327 1213 365 aut
1265 329 1388 378 aspice
1432 323 1496 373 (II.
1547 320 1614 366 66.

105 399 176 439 IV.
208 395 274 439 50.
306 394 372 438 52.
431 398 483 437 V.
512 393 550 436 6.
610 397 721 435 VIII.
756 391 848 435 105.
908 396 976 435 IX.
1007 390 1079 443 58,
1118 398 1163 433 et
1194 394 1374 445 quidem
1403 395 1451 434 ΙΙ.
1482 389 1539 433 66
1562 397 1616 433 et

106 467 172 506 IX.
205 462 261 507 58
292 469 498 517 spectans
531 467 682 515 aperte
723 464 777 504 id.
808 465 857 504 ΙΙ.
887 458 960 511 38)
1003 463 1161 503 eadem
1203 462 1257 502 de
1290 473 1425 501 causa
1454 462 1614 513 posuit.

105 536 232 575 Hanc
253 534 613 574 observationem
635 533 770 572 etiam
792 532 848 571 ad
878 533 1291 583 interpretationem
1312 531 1468 570 utilem
1500 541 1614 577 esse,

106 602 330 654 perspexit
361 603 430 641 vir
450 601 673 642 Theocriti
703 601 895 641 lectione
925 601 1116 641 maxime
1148 600 1346 640 imbutus
1376 599 1615 647 Ameisius‚

108 671 219 722 Spic.
233 683 271 722 p.
287 667 350 719 10,
374 671 457 710 etsi
478 669 539 709 ibi
560 670 778 709 Graecum
797 673 976 720 poetam
996 680 1087 708 non
1100 657 1482 708 Commemoravit.
1503 667 1617 706 Nam

109 739 486 792 quemadmodum
499 739 629 789 ‘apud
648 739 933 778 Theocritum
959 739 987 777 Ι.
1003 734 1097 777 147.
1120 733 1354 778 v.37.110.
1379 737 1469 776 XV.
1484 732 1548 776 12.
1560 730 1616 775 65

109 819 221 860 quae
247 811 496 859 sequuntur
525 810 626 858 post
646 803 794 856 ἓῖᾶσαι,
816 802 897 856 ἰδέ,
921 798 1054 861 ὃρῆτε,
1083 798 1159 858 ὅρη
1188 816 1267 856 per
1289 816 1337 845 se
1359 804 1616 855 accipienda

109 882 214 916 sunt
247 880 290 916 et
322 876 653 915 exclamationis
684 875 775 914 vim
805 876 982 922 habent,
1015 874 1078 913 ita
1108 875 1225 925 apud
1254 874 1505 925 Vergilium
1537 874 1614 914 ecl.

104 946 174 984 IV.
196 941 252 984 52
274 956 388 997 quae
409 944 621 994 leguntur
640 947 742 994 post
760 943 947 982 verbum
970 946 1096 995 aspice
1118 944 1495 990 exclamationem,
1523 954 1614 982 non

20 1024 25 1025 ⁷
105 1013 505 1063 interrogationem
546 1012 786 1051 continent.
845 1012 946 1050 Huc
985 1021 1145 1050 revoco
1193 1012 1329 1050 etiam
1368 1014 1614 1051 structuras

107 1081 336 1131 quasdam,
366 1080 411 1118 in
446 1080 607 1130 quibus
633 1080 868 1118 Maronem
900 1079 1098 1118 Siculum
1129 1083 1310 1130 poetam
1343 1079 1617 1118 aemulatum

109 1157 209 1188 esse
240 1157 506 1199 persuasum
537 1147 691 1188 habeo.
756 1147 882 1197 Quae
915 1158 1051 1199 quum
1082 1147 1136 1188 ad
1170 1148 1402 1200 utriusque
1434 1147 1615 1198 linguae

106 1218 486 1267 comparationem
515 1228 730 1268 perquam
768 1218 900 1256 utiles
941 1217 1047 1263 sint,
1091 1228 1246 1256 omnes
1279 1218 1351 1256 hic
1391 1218 1436 1256 in
1478 1228 1616 1255 unum

107 1286 255 1326 locum
316 1283 550 1326 conferam.
620 1285 816 1325 Primum
873 1297 1172 1326 commemoro
1232 1296 1366 1325 usum
1431 1295 1616 1336 praepo—

106 1355 283 1393 sitionis
336 1354 404 1401 ab,
455 1353 600 1405 qualis
652 1358 796 1395 exstat
846 1355 923 1394 ecl.
964 1355 992 1393 I.
1044 1350 1072 1393 8
1123 1352 1189 1403 (cf.
1241 1355 1431 1394 similem
1482 1364 1614 1393 usum

102 1422 445 1473 praepositionis
487 1414 571 1461 ἀπὸ
612 1422 668 1462 id.
698 1422 728 1462 I.
760 1417 842 1461 145
883 1422 1034 1474 ibique
1074 1422 1170 1462 intt.
1202 1427 1245 1462 et
1284 1434 1432 1474 praep.
1470 1418 1519 1462 ἐκ
1558 1422 1614 1462 id.

102 1492 192 1531 VII.
226 1486 280 1531 15
326 1493 371 1530 et
400 1491 566 1530 AmeiS.
598 1490 710 1530 Adn.
741 1503 779 1541 p.
810 1488 894 1538 41).
955 1492 1083 1531 Hanc
1114 1495 1385 1531 structuram
1435 1491 1614 1542 saepius

102 1567 345 1609 usurpasse
365 1558 626 1610 Vergilium,
657 1559 742 1599 loci
775 1560 829 1598 ab
860 1560 1177 1610 interpretibus
1207 1561 1329 1600 allati
1359 1560 1615 1608 ostendunt,

105 1638 251 1679 neque
283 1630 433 1666 tamen
464 1627 509 1666 id
539 1628 734 1678 impedit,
766 1628 1135 1679 quominus.ejus
1166 1629 1291 1680 origo
1325 1641 1351 1668 a
1376 1629 1613 1668 Theocrito

102 1695 347 1746 repetenda
374 1698 565 1745 putetur.
614 1696 712 1735 Non
744 1696 873 1736 aliter
896 1697 1049 1746 judico
1082 1697 1136 1737 de
1168 1708 1252 1737 usu
1286 1698 1479 1750 quodam
1511 1710 1614 1737 con-

97 1764 342 1813 junctionis
375 1770 420 1803 et.
479 1764 543 1803 Ea
583 1765 702 1804 enim
735 1765 893 1805 eodem
933 1766 1066 1805 modo
1099 1767 1175 1806 ecl.
1206 1767 1276 1806 III.
1307 1762 1364 1806 62
1404 1767 1612 1806 antistro-

101 1833 217 1883 phae
248 1832 447 1872 adhibita
478 1835 547 1871 est
577 1835 709 1884 atque
740 1833 905 1873 factum
945 1835 1150 1875 videmus
1192 1835 1310 1886 apud
1341 1836 1524 1875 Theocr.
1556 1835 1611 1875 id.

100 1901 151 1941 V.
182 1895 248 1940 96.
292 1895 383 1940 106.
425 1896 507 1940 122
547 1898 658 1948 (coll.
689 1902 760 1942 IV.
790 1898 856 1950 9),
903 1913 1015 1954 quos
1055 1903 1178 1943 locos
1219 1905 1380 1944 afferre
1409 1904 1613 1955 ,debebat

101 1969 360 2020 WagneruS,
393 1979 529 2020 quum
559 1970 604 2008 in
635 1970 799 2021 Heynii
830 1971 1025 2011 editione
1057 1976 1212 2012 contra
1242 1984 1321 2012 eos
1354 1974 1613 2024 disputaret,

102 2038 177 2089 qui
209 2044 250 2077 at
287 2037 447 2077 inferre
477 2038 725 2078 voluerunt..
785 2039 1008 2079 Videlicet
1045 2041 1091 2079 in
1131 2041 1202 2080 his
1233 2043 1439 2081 versibus
1481 2054 1614 2093 copu-

102 2106 282 2145 lationis
327 2106 473 2157 magis
519 2110 587 2146 est
632 2118 765 2159 quam
797 2109 1096 2158 oppositionis
1141 2110 1253 2150 ratio
1297 2111 1463 2151 habita.
1522 2112 1614 2151 Nec

104 2173 261 2211 desciit
288 2176 422 2223 poeta
453 2185 479 2213 a
499 2174 762 2215 Theocriteo
794 2176 1007 2228 loquendi
1031 2188 1207 2228 genere,
1239 2191 1375 2231 quum
1408 2180 1484 2220 ecl.
1507 2180 1535 2219 Ι.
1557 2176 1615 2219 27

102 2241 500 2290 interrogationem
531 2254 557 2281 a
586 2243 804 2292 particula
844 2251 880 2284 et
919 2245 1135 2296 inciperet
1167 2246 1233 2294 (cf.
1275 2248 1329 2287 id.
1360 2248 1432 2287 IV.
1463 2245 1501 2288 7.
1561 2248 1611 2287 V.

65 2309 68 2311 “
100 2304 166 2349 25.
196 2303 253 2347 39
303 2311 347 2348 et
376 2308 579 2359 Wagner.
627 2311 805 2359 Quaest.
850 2313 1020 2353 XXXV.
1067 2311 1103 2354 7.
1137 2313 1207 2366 g.).
1268 2315 1417 2355 Semel
1459 2315 1612 2367 posuit

96 2378 358 2428 particulam
398 2390 469 2430 que
511 2379 818 2429 explicationis
851 2382 1015 2431 gratia,
1056 2383 1132 2422 ubi
1173 2384 1289 2433 apud
1321 2385 1609 2424 Theocritum

98 2441 144 2485 δέ
192 2445 441 2487 adhibitum
490 2450 583 2487 erat
634 2445 700 2496 (cf.
743 2448 818 2489 ecl.
859 2449 929 2490 III.
970 2446 1027 2490 34
1078 2463 1179 2492 cum
1230 2453 1284 2494 id.
1315 2454 1428 2495 VIII.
1462 2449 1517 2495 16
1568 2457 1612 2494 et

97 2514 299 2564 Wagner.
349 2516 527 2565 Quaest.
577 2517 763 2557 XXXIII.
816 2513 897 2565 10).
985 2510 1204 2562 Notabilis
1256 2528 1324 2563 est
1374 2527 1608 2575 praeterea

98 2582 364 2634 significatio
397 2587 441 2624 et
471 2588 694 2627 structura
724 2587 848 2627 verbi
877 2589 1072 2632 suadendi
1109 2591 1186 2634 ecl.
1218 2594 1246 2634 Ι.
1278 2589 1353 2644 56,
1386 2605 1472 2647 quo
1506 2605 1608 2635 con-

98 2652 230 2692 vertit
261 2652 480 2694 Graecum
519 2652 677 2696 πείῖςειν
719 2654 790 2704 (id.
820 2658 912 2698 VII.
952 2655 1033 2698 153
1075 2662 1170 2701 coll.
1202 2663 1258 2702 id.
1289 2664 1360 2703 IV.
1393 2660 1486 2711 11),
1523 2663 1610 2704 for·

96 2720 218 2761 mula
245 2723 281 2761 si
305 2725 425 2763 nescis
456 2724 532 2764 ecl.
564 2724 633 2765 III.
664 2722 718 2766 23
753 2725 866 2774 (coll.
890 2728 968 2769 Ov.
998 2729 1074 2781 Ep.
1097 2730 1184 2770 XX.
1210 2727 1320 2780 150),
1353 2744 1441 2785 quo
1473 2733 1608 2774 inter-

96 2793 297 2839 pretatus
327 2792 396 2830 est
425 2791 480 2832 id.
508 2793 598 2834 XV.
630 2790 684 2834 91
716 2787 771 2843 ὡς
799 2791 914 2850 εἰδῇς
942 2792 1015 2837 καὶ
1044 2796 1178 2848 τοῦτο,
1210 2801 1327 2852 quod
1360 2813 1413 2842 ex
1444 2803 1609 2845 utrius-
