1911 3215
921 151 976 197 65

194 278 312 317 muS‚
364 281 416 309 ex
448 282 534 322 qua
583 271 755 323 utrique
803 273 1055 312 canentium
1105 284 1201 312 eam
1249 273 1512 313 servandam
1553 272 1691 313 fuisse

195 336 300 378 dicit
329 339 498 390 ingenii
529 341 721 381 indolem
752 353 1011 393 morumque
1043 344 1358 390 constantiam,
1400 354 1531 393 quam
1562 345 1693 392 poeta

193 406 247 446 ab
279 408 403 447 initio
436 409 608 461 utrique
640 410 802 457 tribuit,
831 414 1065 460 propterea
1095 412 1261 459 omitto,
1295 410 1411 462 quod
1438 422 1527 450 non
1558 411 1690 450 modo

192 486 282 516 non
310 477 487 527 propria
537 482 605 517 est
650 481 826 517 servata
869 480 979 517 haec
1024 491 1195 519 morum
1242 480 1488 530 aequalitas
1534 483 1690 517 cantus

192 545 433 594 amoebaei,
466 546 545 585 sed
577 546 632 584 ad
664 546 812 585 omnia
841 547 1033 597 pertinet
1072 548 1241 599 idyllia,
1282 548 1326 587 in
1360 547 1519 599 quibus
1552 547 1691 586 diver-

193 623 342 653 sorum
374 614 654 665 ingeniorum
686 616 888 655 homines
926 616 1244 667 producuntur,
1286 629 1439 656 verum
1479 617 1612 655 etiam
1645 616 1689 654 in

192 682 343 732 idyllio
377 684 540 734 quinto,
573 685 690 735 quod
720 686 908 723 moverit
934 685 1205 742 AMorsonem,
1237 689 1286 723 ut
1317 685 1524 724 Comatae
1555 685 1689 724 victo·

190 751 301 790 riam
335 751 609 801 decerneret,
661 764 749 792 non
781 757 871 793 tam
913 765 935 793 e
966 754 1170 793 versibus
1202 753 1400 801 alternis,
1450 754 1495 792 in
1528 754 1688 804 quibus

192 823 380 872 uterque
425 823 520 871 pari
559 822 854 872 impudentia,
906 823 1179 873 arrogantia,
1229 821 1400 861 rixandi
1448 822 1689 871 cupiditate

192 890 458 940 conspicuus
515 894 598 940 est,
652 903 790 946 quam
837 902 860 930 e
905 891 1108 930 versibus
1157 891 1356 941 proxime
1412 889 1688 940 antegressis

189 958 434 1013 epuendum
475 969 574 998 esse
612 960 797 998 videtur.
856 959 1153 997 Nihilominus
1196 970 1249 996 ex
1284 959 1367 996 hac
1398 959 1590 996 maxime
1622 958 1688 996 in-

189 1025 309 1075 genii
360 1026 611 1065 constantia
659 1026 713 1065 ad
763 1035 920 1065 versus
967 1025 1107 1075 idyllii
1153 1026 1297 1065 octavi
1339 1030 1458 1064 recte
1499 1029 1690 1077 apteque

188 1094 526 1134 constituendos
570 1094 778 1134 subsidia
808 1094 1002 1144 petenda
1042 1097 1158 1133 sunt.
1218 1094 1346 1133 Hanc
1376 1094 1524 1145 legem
1555 1094 1693 1143 igitur

184 1162 625 1211 praetermittendam
663 1163 884 1214 aliamque
920 1163 1069 1213 potius
1110 1163 1155 1202 in
1197 1163 1293 1211 ejus
1335 1163 1483 1202 locum
1525 1163 1689 1202 substi-

186 1231 397 1270 tuendam
419 1241 519 1270 esse
542 1232 756 1271 existimo.
797 1232 967 1271 Revera
993 1231 1111 1270 enim
1142 1231 1418 1278 Theocritus,
1451 1241 1565 1282 quae
1598 1234 1694 1269 erat

187 1298 331 1338 exima
363 1299 458 1347 ejus
491 1299 598 1338 artis
631 1299 836 1348 scientia,
875 1310 955 1350 per
991 1302 1135 1338 totum
1168 1302 1347 1338 cantum
1379 1298 1520 1348 idyllii
1551 1298 1693 1349 quinti

185 1366 231 1405 id
271 1367 382 1417 egit,
430 1370 481 1406 ut
518 1371 722 1417 pastores
764 1378 863 1406 eam
912 1368 1156 1406 retinerent
1205 1367 1324 1406 vitae
1376 1367 1693 1415 condicionem,

186 1434 362 1486 qualem
392 1436 438 1474 in
468 1436 652 1475 introitu
685 1436 891 1475 carminis
926 1436 1132 1486 depinxit.
1192 1437 1317 1485 Quae
1359 1439 1514 1475 contra
1545 1437 1692 1485 dispu-

184 1503 294 1542 tavit
326 1504 596 1551 Zetzschius,
629 1514 681 1542 ea
713 1504 1005 1553 explicatione
1037 1504 1164 1543 facile
1198 1504 1305 1542 dilui
1333 1509 1532 1554 possunt.
1569 1504 1688 1543 Nihil

186 1571 365 1610 omnino
396 1571 505 1611 illud
537 1576 849 1622 argumentum
880 1572 1016 1620 valet,
1059 1572 1175 1624 quod
1214 1573 1280 1612 vir
1312 1573 1597 1613 doctissimus
1630 1574 1686 1612 ad

183 1640 458 1687 probandam
499 1640 768 1678 sententiam
810 1636 1075 1677 contrariam
1111 1651 1150 1688 p.
1185 1636 1236 1677 13
1280 1650 1340 1691 sq.
1382 1652 1404 1678 e
1448 1652 1685 1679 munerum

182 1706 397 1746 varietate
440 1706 572 1747 duxit.
640 1706 753 1746 Nam
793 1706 969 1746 diversa
1010 1707 1126 1746 dona
1164 1708 1298 1746 etiam
1335 1708 1380 1746 in
1421 1708 1572 1757 idyllio
1616 1708 1683 1746 III.

184 1772 250 1820 (cf.
280 1786 319 1813 v
342 1770 395 1812 10
426 1784 487 1824 sq.
509 1771 563 1812 21
597 1784 688 1823 sqq.
718 1770 774 1811 34
806 1772 914 1823 sqq.)
946 1774 1120 1822 puellae
1153 1786 1178 1811 a
1209 1779 1385 1823 pastore
1424 1775 1684 1812 offeruntur.

184 1840 442 1881 Graviorem
501 1840 790 1881 dubitationis
847 1842 1078 1881 materiam
1144 1842 1418 1901 diversorum
1479 1853 1680 1893 amorum

182 1910 364 1949 nomina
402 1910 616 1970 praebere
647 1910 864 1949 videntur.
924 1910 1098 1948 Etenim
1139 1891 1393 1949 nominatur
1433 1921 1458 1948 a
1498 1909 1682 1949 Comata

181 1989 219 2018 v.
228 1968 319 2017 88
337 1978 560 2026 Clearista‚
590 1989 628 2017 v.
662 1973 743 2018 132
773 1978 972 2028 Alcippe‚
1005 1989 1030 2016 a
1060 1978 1234 2017 Lacone
1262 1989 1299 2017 v.
1331 1974 1387 2017 90
1417 1981 1462 2016 et
1492 1973 1547 2016 99
1578 1977 1677 2016 Cra-

181 2047 313 2095 tidas,
344 2058 381 2087 v.
414 2042 497 2086 134
526 2046 747 2086 Eumedes
778 2047 1033 2098 acceditque
1066 2047 1199 2086 etiam
1229 2046 1359 2093 aliud,
1392 2046 1510 2097 quod
1541 2046 1676 2084 miror

181 2127 208 2154 a
239 2116 487 2164 Zetzschio,
533 2116 606 2167 qui
636 2115 739 2154 hinc
779 2125 887 2155 suae
929 2116 1176 2155 sententiae
1217 2115 1380 2166 aliquid
1412 2113 1678 2153 firmamenti

182 2195 394 2235 quaerere
427 2184 595 2231 debuit,
625 2191 806 2234 prorsus
839 2183 1092 2234 neglectum
1123 2193 1234 2223 esse.
1292 2183 1509 2222 Nimirum
1542 2193 1678 2233 quum

179 2256 354 2303 praeter
383 2252 504 2292 locos
535 2252 738 2292 laudatos
772 2252 978 2292 Comatas
1011 2262 1190 2302 semper
1218 2252 1411 2301 puellam
1443 2249 1510 2298 (cf.
1542 2262 1579 2288 v.
1610 2244 1676 2288 85.

180 2316 247 2361 96
279 2316 397 2370 105),
427 2330 614 2372 puerum
645 2319 761 2359 Laco
794 2318 861 2369 (cf.
893 2331 930 2361 v.
960 2315 1027 2361 87
1061 2315 1158 2369 107)
1192 2322 1525 2368 commemoret,
1568 2328 1676 2360 sane

180 2392 474 2431 offensionem
516 2402 671 2439 parare
722 2394 888 2458 potest,
940 2390 1068 2451 quod
1096 2401 1134 2428 v.
1162 2386 1249 2448 127
1280 2390 1333 2427 ab
1374 2390 1458 2427 hoc
1498 2386 1707 2437 past01e{

179 2458 354 2520 puellae
399 2455 581 2516 mentio
611 2452 854 2509 injicitur
856 2454 938 2498 At
982 2462 1051 2499 est
1095 2444 1169 2498 ibi
1198 2441 1408 2498 articulus
1450 2458 1674 2513 collective

181 2512 519 2578 intelligendus,
567 2532 618 2567 ut
654 2538 743 2566 non
784 2530 948 2566 certam
989 2526 1182 2578 aliquam
1217 2513 1415 2577 puellam
1447 2510 1676 2576 significet,

181 2596 260 2639 sed
291 2599 447 2639 omnes
477 2597 650 2649 puellas
682 2608 823 2655 aquae
853 2596 1124 2652 hauriendae
1156 2607 1291 2636 causa
1322 2598 1376 2636 ad
1407 2596 1573 2635 fontem
1603 2605 1676 2633 ve·

180 2651 356 2706 nientes
388 2666 744 2716 comprehendat.
803 2653 904 2705 Jarn
935 2664 990 2704 ad
1023 2665 1328 2717 quaestionem
1360 2663 1675 2704 absolvendam

181 2737 292 2776 haec
345 2736 614 2775 considerari
666 2736 810 2774 velim.
888 2735 1084 2773 Primum
1141 2735 1318 2786 quidem
1374 2734 1418 2773 in
1458 2744 1526 2772 eo
1574 2733 1676 2780 jure

184 2806 344 2858 aliquis
375 2806 560 2845 haerere
591 2806 753 2856 possit,
805 2804 920 2857 quod
950 2804 995 2844 in
1029 2804 1235 2844 extremis
1271 2806 1442 2842 tantum
1484 2801 1679 2851 strophis

184 2872 239 2927 (v.
272 2871 355 2916 132
374 2894 431 2901 —-
453 2870 552 2924 135)
596 2873 803 2916 Comatas
853 2873 965 2913 alius
1005 2872 1200 2926 puellae,
1244 2871 1360 2913 Laco
1382 2871 1514 2912 alius
1552 2870 1681 2923 pueri

629 2935 793 2945 *a*
828 2942 831 2943 ’
1394 2938 1413 2974 5
