1911 3215
994 112 1052 157 32

270 231 347 273 001,
379 231 491 279 VIII,
521 233 674 282 aperte
706 231 840 270 etiam
871 229 925 269 ab
958 229 1117 269 eodem
1147 229 1224 269 ecl.
1245 230 1293 269 X.
1326 226 1378 269 11
1413 228 1524 277 (coll.
1555 231 1610 271 id.
1643 232 1672 272 1.
1702 227 1775 278 67)

271 302 316 338 et
344 299 397 339 V.
427 294 484 338 46
521 297 635 347 (coll.
666 298 777 338 VIII.
807 292 863 336 76
895 294 974 349 sq.)
1015 308 1042 337 a
1079 297 1266 337 Moscho
1299 297 1377 338 ecl.
1416 298 1484 338 IX.
1519 293 1580 338 17
1618 297 1685 347 (cf.
1722 299 1781 340 M.

269 367 341 407 III.
375 364 456 414 11).
516 369 630 407 Tum
662 367 879 417 reperitur
916 378 969 406 ea
1005 367 1052 406 in
1088 376 1223 406 versu
1259 369 1328 406 ter
1365 367 1570 406 similiter
1607 377 1783 417 compo-

271 435 357 475 sito
390 435 466 475 ecl.
499 435 527 475 I.
559 430 625 475 75.
678 435 765 475 VII.
795 430 863 474 44.
923 435 971 475 Χ.
1002 430 1068 483 77,
1100 437 1334 485 praeterea
1363 434 1435 475 VI.
1466 430 1533 476 25.
1580 435 1693 475 VIII.
1723 431 1779 474 33

269 515 354 543 nec
391 504 618 544 dissimilis
657 506 727 542 est
772 503 849 543 001.
885 503 957 543 VI.
995 498 1070 552 80,
1123 504 1209 544 nisi
1256 503 1375 556 quod
1426 503 1487 543 ibi
1531 503 1690 544 vocula
1742 510 1779 544 et

271 573 534 624 interposita
565 575 642 611 est.
701 572 942 612 Peculiaris
977 573 1155 623 generis
1187 576 1293 613 sunt
1324 573 1400 613 ecl.
1432 574 1480 613 II.
1513 570 1577 613 14.
1610 569 1675 613 15.
1730 573 1779 612 X.

271 636 337 682 20.
368 637 433 690 21,
466 649 577 693 quos
615 639 665 681 cf.
698 652 798 680 cum
830 640 885 681 id.
917 640 944 681 I.
979 637 1013 681 1.
1044 636 1081 681 2.
1113 635 1181 682 80.
1212 636 1286 691 81,
1329 646 1373 682 et
1403 642 1515 683 VIII.
1545 638 1584 683 7.
1614 637 1652 683 9.
1684 641 1779 682 0011.

272 712 453 751 Theocr.
485 711 513 750 I.
547 706 639 750 100.
674 705 765 749 101.
799 705 891 749 105.
924 705 1007 749 106
1045 713 1090 749 et
1125 710 1339 750 Fritzsch.
1370 712 1396 751 l.
1427 712 1469 759 1.,
1509 722 1779 762 quamquam

272 779 388 830 apud
419 778 704 818 Theocritum
736 778 946 817 continuo
984 778 1029 818 in
1068 778 1251 818 alterius
1289 789 1448 819 versus
1478 780 1693 831 principio
1726 790 1779 819 ea

270 859 355 887 vox
385 848 544 886 iterata
575 851 654 894 est,
687 858 799 898 quae
830 847 978 897 posita
1009 850 1105 885 erat
1134 851 1236 897 post
1267 858 1499 887 caesuram
1529 848 1776 901 bucolicam

270 916 439 967 prioris.
504 915 568 955 Ex
605 916 688 955 hac
728 915 1039 955 observatione
1081 919 1282 966 apparet,
1322 916 1601 956 Macrobium
1636 917 1683 956 in
1721 927 1774 956 eo

272 985 435 1035 capite,
486 995 571 1034 quo
610 984 664 1023 de
710 984 783 1031 iiS,
833 995 947 1035 quae
987 996 1013 1024 a
1049 984 1249 1035 Vergilio
1292 985 1390 1036 ipso
1428 986 1622 1036 figurata
1660 987 1777 1033 sunt,

273 1054 501 1101 disseruit,
532 1053 705 1093 Saturn.
736 1053 807 1092 VI.
837 1048 880 1100 6,
920 1065 1010 1092 non
1041 1056 1160 1093 recte
1199 1050 1235 1101 ἓ.
1269 1050 1323 1093 12
1354 1054 1419 1094 ed.
1450 1055 1547 1094 Jan.
1579 1055 1695 1093 inter
1725 1064 1779 1092 ea

271 1121 582 1172 repetitionem
641 1121 717 1160 001.
754 1121 802 1160 Χ.
841 1117 892 1160 11
945 1121 1162 1161 retulisse.
1228 1123 1309 1162 Rei
1360 1123 1538 1162 criticae
1589 1122 1777 1162 eandem

272 1191 431 1230 afferre
462 1190 711 1237 utilitatem,
741 1190 1007 1239 perspicitur
1038 1201 1091 1228 ex
1123 1190 1198 1229 ecl.
1228 1191 1340 1230 VIII.
1374 1186 1466 1230 109.
1526 1191 1592 1229 Ibi
1623 1190 1778 1240 optimi

276 1258 451 1298 codices
496 1258 611 1298 inter
643 1269 809 1310 eosque
839 1258 1069 1298 Mediceus
1108 1259 1193 1298 1100
1229 1259 1445 1309 praebent
1473 1260 1684 1308 „Parcite,
1722 1259 1777 1299 ab

272 1328 326 1366 ab
358 1328 468 1367 urbe
499 1328 632 1374 venit,
658 1328 763 1376 jam,
796 1327 1002 1375 carmina,
1032 1327 1199 1377 parcite
1231 1327 1463 1379 Daphnis“.
1503 1329 1634 1368 Hunc
1665 1327 1778 1367 ordi-

273 1407 376 1436 nem
408 1408 435 1435 a
464 1396 628 1435 Vossio
660 1399 890 1446 receptum
910 1397 1158 1445 Wagnerus
1190 1397 1275 1436 sibi
1306 1408 1359 1436 eo
1392 1397 1622 1436 confutare
1652 1397 1777 1436 visus

273 1468 352 1513 est,
385 1465 502 1516 quod
535 1464 722 1504 contulit
751 1476 789 1504 v.
810 1459 876 1503 61.
916 1464 1007 1503 Νο0
1038 1468 1188 1503 tamen
1221 1469 1341 1504 recte
1364 1466 1457 1515 egit
1486 1466 1553 1504 vir
1574 1466 1779 1504 doctissi-

273 1544 385 1574 mus.
446 1533 557 1572 Nam
600 1544 638 1572 v.
668 1527 721 1571 61
768 1532 962 1580 „Desine
1007 1532 1273 1581 Maenalios,
1310 1534 1406 1582 jam
1445 1533 1617 1581 desine,
1656 1533 1777 1580 tibia,

271 1600 452 1643 versus“
484 1602 641 1641 eodem
673 1601 825 1640 ordine
856 1602 1097 1650 procedere
1130 1602 1282 1640 debuit
1322 1604 1456 1652 atque
1490 1602 1778 1652 ephymnium

273 1674 586 1722 antegressum
618 1668 788 1720 „Incipe
808 1668 1056 1710 Maenalios
1076 1680 1264 1720 mecum,
1294 1681 1396 1710 mea
1425 1670 1545 1720 tibia,
1576 1666 1779 1721 versus;“

271 1741 454 1781 ultimus
490 1749 596 1777 vero
633 1749 792 1778 versus
829 1739 1235 1778 accommodandus
1272 1739 1355 1777 fuit
1384 1740 1644 1788 posterioris
1676 1750 1778 1778 can-

271 1809 435 1849 tilenae
468 1807 706 1859 ephymnio
737 1806 872 1858 priori
901 1807 1082 1856 „Ducite
1114 1808 1168 1847 ab
1202 1807 1309 1847 urbe
1341 1807 1534 1857 domum,
1565 1819 1666 1848 mea
1687 1819 1779 1847 car—

271 1879 402 1925 mina,
420 1877 568 1915 ducite
580 1874 1016 1925 Daphnim“.——Alia
1032 1877 1154 1915 vocis
1176 1880 1466 1926 antegressae
1488 1875 1692 1926 repetitio
1713 1876 1777 1914 in—

271 1947 449 1986 venitur
469 1944 587 1994 apud
608 1945 895 1984 Theocritum
918 1945 1098 1984 omnino
1124 1945 1169 1985 in
1190 1949 1315 1996 parte
1342 1956 1499 1985 versus
1520 1944 1777 1994 posteriore,

274 2024 406 2064 saepe
426 2016 528 2064 post
549 2023 780 2052 caesuram
802 2013 1060 2063 legitimam.
1082 2013 1140 2054 Cf.
1157 2014 1212 2053 id.
1229 2014 1257 2053 I.
1274 2009 1340 2052 65.
1358 2008 1425 2053 83.
1447 2008 1539 2052 130.
1563 2012 1611 2051 II.
1626 2007 1694 2051 43.
1711 2006 1777 2051 98.

273 2083 345 2122 IV.
365 2078 431 2121 42.
458 2081 510 2120 V.
525 2075 591 2121 60.
618 2082 689 2121 VI.
703 2077 740 2121 5.
767 2077 936 2121 V11.74.
968 2075 1512 2129 V111.11.12.14.17.25.*)
1526 2076 1591 2121 53.
1622 2081 1690 2120 IX.
1713 2076 1776 2120 14.

274 2172 461 2181 ’,ψ-
467 2171 546 2175 μ..-

369 2215 402 2256 *)
428 2213 524 2247 Utar
548 2213 618 2248 hac
644 2213 843 2247 occasione
869 2213 917 2247 ad
943 2214 1199 2257 conjecturam
1232 2214 1394 2258 aliquam
1433 2213 1468 2248 in
1502 2213 1665 2249 medium
1690 2222 1776 2258 pro-

273 2271 478 2307 ferendam.
525 2270 569 2304 In
594 2270 715 2315 idyllii
742 2270 867 2305 octavi
896 2274 1004 2314 parte
1037 2271 1163 2314 priore
1199 2272 1412 2314 quicunque
1445 2282 1527 2305 eam
1553 2272 1776 2314 composuit,

276 2338 429 2372 operam
455 2328 579 2367 dedit,
604 2331 663 2368 ut,
696 2327 761 2361 ubi
785 2327 1030 2362 monostichis
1063 2328 1311 2372 loquerentur
1335 2331 1511 2372 pastores
1545 2330 1645 2371 (nam
1670 2330 1775 2362 recte

274 2385 433 2419 Ahrens.
458 2395 491 2418 v.
515 2386 559 2421 25
584 2383 794 2425 Menalcae,
822 2388 1025 2428 sequentes
1051 2384 1243 2428 Daphnidi
1268 2385 1433 2428 tribuit),
1458 2384 1684 2428 repetitione
1710 2384 1776 2417 ali-

276 2441 383 2484 cujus
408 2440 580 2474 vocabuli
604 2450 738 2475 versus
762 2441 800 2474 in
827 2441 919 2477 duas
944 2445 1074 2487 partes
1103 2441 1390 2476 discinderetur.
1437 2440 1480 2475 Id
1505 2440 1544 2476 in
1570 2440 1649 2476 solo
1675 2452 1708 2475 v.
1736 2440 1777 2475 13

274 2508 350 2534 non
374 2499 526 2533 videtur
554 2497 693 2531 factum
726 2509 823 2533 esse.
871 2501 920 2534 At
946 2500 1102 2534 offendit
1133 2499 1186 2532 ibi
1221 2509 1295 2532 non
1322 2498 1442 2533 solum
1467 2497 1578 2539 illud,
1604 2498 1718 2542 quod,
1745 2497 1777 2532 si

273 2556 351 2592 τίνα
373 2555 556 2600 legimus,
592 2551 714 2595 ἄεθλος
738 2556 942 2591 masculino
975 2567 1117 2602 genere
1143 2556 1190 2589 de
1222 2555 1383 2599 pignore
1407 2555 1694 2601 intelligendum
1719 2557 1778 2590 est

275 2615 378 2657 (nam
402 2612 463 2647 hic
487 2611 591 2646 vocis
616 2622 728 2653 usus,
759 2623 869 2656 quem
894 2615 1015 2649 adhuc
1049 2613 1121 2649 soli
1146 2612 1381 2658 grammatici
1411 2612 1540 2648 testati
1567 2617 1654 2648 sunt
1679 2612 1780 2657 apud

274 2670 477 2705 Hermann.
504 2669 573 2714 Op.
601 2670 644 2703 V.
669 2671 731 2710 82,
765 2680 886 2713 neque
921 2672 1050 2705 debuit
1083 2683 1105 2705 a
1129 2671 1430 2705 Wordsworthio
1467 2671 1506 2704 in
1530 2672 1580 2705 id.
1606 2669 1708 2703 XXI.
1734 2670 1779 2704 52

275 2726 418 2761 intrudi
455 2736 578 2770 neque
614 2726 652 2759 in
691 2735 789 2760 nova
813 2725 1033 2762 Passoviani
1068 2726 1180 2762 lexici
1207 2726 1371 2762 editione
1407 2739 1476 2773 pro
1513 2738 1555 2762 re
1582 2725 1776 2771 explorata

278 2784 399 2828 sumi),
413 2785 481 2819 sed
500 2784 671 2820 codicum
691 2784 802 2819 etiam
821 2783 1002 2820 lectiones
1020 2786 1133 2830 longe
1155 2784 1255 2819 aliud
1275 2785 1455 2829 quiddam
1474 2785 1637 2820 suadere
1650 2783 1779 2819 viden-

277 2843 350 2875 tur.
397 2841 586 2876 Praebent
610 2842 708 2876 enim
733 2843 767 2875 h.
794 2843 825 2876 9.
851 2853 882 2875 a.
908 2841 951 2876 L.
976 2843 1036 2877 vel
1060 2840 1165 2888 χὰμίν
1190 2843 1249 2877 vel
1273 2840 1410 2889 χᾶμμιν
1434 2843 1643 2886 eodemque
1670 2841 1785 2883 ducit,

1866 578 1898 818 :ahias-samargzffi
1881 558 1885 564 .
1861 490 1864 494 Δ
