1911 3215
830 130 888 175 33

107 256 177 295 XI.
207 252 273 295 63.
315 255 406 294 XV.
435 249 502 292 82.
532 249 605 300 90,
637 252 714 291 ubi
743 262 862 290 nunc
903 251 948 288 in
988 249 1135 298 priore
1165 245 1365 283 membro
1395 238 1617 282 ποτίτασσε

113 325 290 375 scripsit
309 323 498 363 Ahrens.
522 317 613 361 146.
649 320 761 360 XVI.
783 314 846 358 13.
887 318 974 357 XX.
994 311 1063 357 36.
1102 313 1254 355 XXIV.
1274 309 1313 353 9.
1351 312 1475 352 Bion.
1498 310 1525 349 I.
1547 303 1615 350 29.

107 387 173 432 36.
185 387 252 433 98.
273 391 343 431 ΠΙ.
356 387 420 430 17.
441 390 506 429 Ex
519 390 590 429 his
605 386 919 428 memorabiles
937 388 1041 425 sunt
1054 385 1232 435 praeter
1248 379 1614 420 ceterosTheocr.

97 461 180 500 —.1V.
208 457 278 500 42.
326 460 437 499 VIII.
469 456 534 498 14.
593 457 662 497 XI.
691 452 759 495 63.
813 454 905 494 XV.
937 449 1030 493 146.
1089 453 1213 492 Bion.
1246 451 1274 489 Ι.
1305 444 1372 496 29,
1403 447 1616 498 quoniam

107 529 153 569 in
181 528 324 580 primo
355 530 457 579 post
487 526 625 567 subst.
663 524 859 577 positum
902 525 971 563 est
1000 520 1271 572 adjectivum
1316 528 1371 556 ex
1408 526 1461 555 eo
1499 525 1616 554 com-

108 597 330 648 positione
359 596 542 643 factum‚
573 595 618 633 in
650 593 845 633 secundo
879 591 1030 640 (etiam
1062 602 1116 630 ex
1147 590 1259 638 conj.
1291 582 1497 631 Ahrens.)
1530 583 1618 621 alia

107 667 232 707 verbi
261 666 402 706 forma
431 665 638 716 repetita,
679 664 725 704 in
754 662 884 703 tertio
921 664 1023 712 post
1059 660 1247 700 verbum
1276 656 1452 697 finitum
1483 652 1616 705 parti-

107 736 289 785 cipium,
325 735 371 774 in
402 737 557 786 quarto
589 736 633 773 et
664 733 816 784 quinto
847 734 951 781 post
979 728 1247 769 vocabulum
1278 724 1467 775 simplex
1498 733 1616 762 com-

104 805 310 855 positum.
369 803 454 853 Qui
485 803 642 842 similis
674 804 795 842 esset
825 800 880 840 id.
905 798 996 839 XV.
1027 794 1093 847 90,
1125 797 1269 849 qualis
1301 795 1356 835 ab
1388 791 1614 833 Ahrensio

106 882 262 912 versus
293 874 498 912 exaratus
530 874 608 919 e'st,
639 870 853 920 indagare
883 879 974 907 non
1003 866 1138 917 potui.
1199 863 1330 915 Apud
1362 861 1615 913 Vergilium

15 910 18 913 Ι
90 939 329 980 'invenitur
367 941 479 980 haec
518 939 722 988 repetitio
763 937 841 977 ecl.
877 937 906 976 I.
935 932 1003 975 33.
1062 935 1113 974 II.
1154 930 1219 973 16.
1249 929 1316 973 20.
1346 926 1414 971 68.
1474 930 1543 969 III.
1574 924 1613 968 2.

106 1004 144 1048 6.
173 1004 240 1048 30.
273 1004 541 1055 (bis-binos)
572 1002 639 1047 59.
668 1002 736 1046 60.
766 1000 833 1046 62.
883 1005 955 1044 IV.
985 1000 1024 1043 3.
1054 999 1121 1042 34.
1151 997 1219 1041 40.
1268 1001 1321 1040 V.
1351 995 1419 1040 35.
1455 995 1524 1039 42.
1555 992 1615 1036 44

107 1073 225 1125 (post
242 1076 481 1126 positivum
497 1074 824 1125 comparativus
839 1070 1040 1123 positus).
1063 1067 1128 1111 52.
1149 1064 1321 1109 V11.53.
1342 1068 1457 1106 VIII.
1467 1060 1615 1105 61.83.

108 1144 157 1184 X.
187 1140 225 1183 3.
256 1140 323 1184 23.
354 1138 421 1184 69.
480 1144 770 1193 Assumptam
814 1153 912 1181 eam
954 1150 1055 1181 esse
1096 1151 1123 1179 a
1153 1137 1391 1179 Theocrito
1433 1137 1617 1186 apparet

109 1223 162 1252 ex
186 1212 262 1252 ecl.
282 1212 394 1251 VIII.
414 1206 481 1260 83,
514 1211 598 1263 qui,
630 1222 899 1262 quamquam
931 1208 1155 1250 sententia
1176 1210 1221 1246 et
1250 1205 1428 1245 iteratio
1451 1207 1521 1244 est
1542 1203 1616 1243 de-

108 1284 312 1332 prompta
332 1293 385 1321 ex
414 1281 469 1320 id.
490 1282 540 1320 II.
561 1276 627 1328 23,
658 1283 809 1320 tamen
840 1280 885 1319 in
916 1278 1165 1319 iterationis
1188 1287 1355 1327 genere
1386 1275 1535 1326 potius
1558 1273 1616 1312 ad

109 1350 163 1390 id.
184 1350 255 1389 VI.
275 1346 301 1389 5
332 1349 476 1390 factus
499 1353 577 1398 est,
609 1352 654 1389 et
685 1361 738 1389 ex
765 1349 841 1389 ecl.
872 1349 920 1388 X.
939 1344 995 1389 23
1026 1347 1120 1387 coll.
1152 1346 1206 1387 id.
1230 1346 1259 1385 Ι.
1280 1340 1349 1393 83,
1381 1342 1615 1384 simillimi-

109 1429 194 1468 que
224 1418 340 1458 inter
378 1428 427 1457 se
469 1422 574 1458 sunt
611 1419 642 1457 ii
672 1427 851 1465 versus,
896 1418 942 1456 in
983 1416 1143 1468 quibus
1184 1425 1350 1464 magna
1389 1412 1615 1452 interdum

108 1492 218 1525 cum‘
237 1487 281 1524 vi
310 1487 357 1525 in
388 1487 570 1526 Graecis
598 1490 701 1537 post
729 1481 821 1535 καί,
860 1487 908 1525 in
937 1485 1108 1525 Latinis
1138 1487 1241 1534 post
1270 1490 1324 1530 et,
1372 1489 1504 1534 atque,
1544 1492 1618 1533 que

109 1564 193 1593 vox
231 1554 393 1594 iterata
432 1559 512 1595 est.
592 1554 651 1595 Cf.
699 1555 754 1595 id.
795 1554 823 1594 I.
855 1548 921 1594 65.
999 1554 1049 1593 II.
1079 1548 1146 1592 43.
1216 1552 1268 1592 V.
1298 1546 1366 1591 60.
1416 1550 1508 1589 VII.
1549 1546 1617 1589 74.

108 1622 175 1667 XI.
215 1618 281 1661 63.
339 1624 429 1661 XV.
469 1619 536 1662 82.
584 1624 672 1662 XX.
711 1618 779 1662 36.
833 1622 982 1661 XXIV.
1012 1618 1040 1659 9
1081 1632 1183 1660 cum
1224 1620 1302 1659 ecl.
1339 1619 1411 1657 IV.
1446 1614 1514 1657 34.
1565 1617 1616 1656 V.

109 1720 211 1764 quod
234 1719 375 1764 legitur
410 1720 448 1754 in
473 1732 506 1755 v.
533 1722 563 1755 6.
590 1717 608 1756 8
632 1733 690 1756 κεν
715 1718 796 1765 οἱμῖν
822 1715 860 1764 (ὅ
890 1732 948 1755 κεν
973 1721 993 1754 6
1017 1722 1114 1760 sea).
1163 1719 1369 1752 Praeterea
1406 1727 1437 1750 a.
1464 1716 1617 1750 exhibet

108 1776 168 1812 καί
192 1789 224 1812 τι
247 1776 312 1818 ita,
336 1781 379 1811 ut
403 1779 490 1821 post
514 1789 547 1812 τι
572 1776 714 1821 aliquid
739 1786 890 1811 erasum
915 1776 975 1815 sit.
1019 1775 1062 1810 In
1087 1775 1158 1810 fine
1184 1785 1318 1811 versus
1347 1770 1466 1820 ἄρκιος
1491 1774 1550 1807 est
1575 1772 1614 1806 in

107 1834 141 1867 k,
162 1845 193 1868 a.
211 1846 246 1878 p.
267 1845 295 1868 s.
315 1835 346 1868 9.
364 1834 418 1875 L„
444 1832 560 1879 ἄρκιον
588 1846 621 1868 v.
639 1836 659 1868 6
686 1835 765 1877 (ubi
790 1847 806 1870 ν
832 1836 927 1876 sea).
953 1833 1081 1875 Quare
1108 1833 1162 1868 sic
1186 1835 1309 1868 locum
1334 1831 1615 1867 restituendum

109 1892 219 1933 puto:
246 1890 305 1925 καὶ
327 1890 362 1925 τί
384 1903 421 1926 νυ
445 1888 691 1935 §nocui-2503&
722 1890 756 1925 τί
787 1888 893 1936 χὰμῖν
927 1886 1070 1936 (χᾶμὶν)
1105 1887 1223 1934 ἄρκιον
1249 1891 1323 1934 eil-113
1371 1888 1615 1932 Intessigitur,

109 1946 251 1981 voculis
270 1947 303 1982 τί
320 1960 358 1983 νυ
376 1947 414 1980 in
432 1947 507 1983 τίνα
525 1947 726 1991 corruptis,
741 1947 852 1981 etiam
867 1943 984 1991 ἄρκιος
1001 1955 1071 1990 pro
1086 1942 1202 1991 ἄρκιον
1220 1950 1258 1981 et
1273 1957 1343 1990 pro
1360 1944 1616 1992 „bnoeiiueossot

108 2003 168 2038 rv‘
195 2000 413 2048 θησεύμεσὲΐ
444 1999 514 2044 ιὅτις
538 2007 602 2037 aut
625 1998 719 2045 ὅστις
744 2004 924 2047 scriptum
949 2013 1045 2038 esse.
1095 2003 1213 2037 Verbi
1240 2013 1361 2048 genus
1386 2002 1550 2036 medium
1576 2004 1615 2034 et

108 2069 238 2093 vocem
270 2056 387 2104 ἄρκιον
420 2060 583 2105 explico,
619 2062 661 2093 ut
694 2060 784 2094 fecit
808 2059 946 2094 Ameis.
971 2060 1068 2093 Adn.
1093 2070 1128 2103 p.
1154 2061 1207 2094 54.
1256 2059 1448 2094 Particula
1471 2071 1531 2103 νυ,
1571 2057 1617 2091 de

110 2126 184 2159 qua
207 2117 253 2150 cf.
276 2116 462 2162 Hartung.
488 2117 587 2152 Part.
612 2116 659 2153 11.
688 2111 749 2152 '101
779 2127 852 2162 sq..
884 2117 1026 2161 legitur
1050 2127 1148 2151 nunc
1173 2116 1211 2151 in
1237 2117 1295 2151 ed.
1322 2118 1482 2151 Ahrens.
1507 2115 1536 2150 I.
1562 2116 1618 2150 78.

109 2170 283 2206 Ceterum
316 2174 425 2208 facile
451 2177 628 2218 apparet,
666 2175 823 2209 alteram
848 2183 983 2208 versus
1019 2176 1167 2217 partem
1201 2174 1321 2208 altera
1346 2174 1480 2208 eodem
1503 2172 1618 2206 modo

110 2228 309 2272 explicari,
346 2240 419 2274 quo
455 2230 596 2265 factum
633 2242 666 2265 v.
693 2233 746 2267 17.
771 2233 815 2268 25
841 2232 939 2275 (coll.
965 2231 1067 2265 XVI.
1094 2232 1161 2275 13).
1210 2231 1292 2266 Hoc
1316 2231 1439 2275 ipsum
1464 2230 1554 2264 mihi
1580 2229 1619 2263 in

111 2296 225 2319 causa
250 2289 328 2327 est,
367 2297 434 2320 cur
458 2287 668 2330 improbem
692 2288 870 2321 Ahrensii
901 2290 1176 2331 conjecturam;
1215 2287 1510 2322 Wordsworthii
1535 2297 1619 2321 sen-

111 2342 231 2376 tentia
255 2345 293 2377 ct
328 2346 486 2387 propter
509 2343 614 2377 vocis
651 2339 776 2384 ἄεθλος
812 2344 1126 2388 significationem
1152 2347 1190 2379 et
1223 2347 1382 2388 propter
1406 2344 1618 2388 transposi-

111 2399 251 2432 tionem
275 2400 484 2443 particulae
503 2400 563 2435 καί
586 2399 794 2442 rejicienda
819 2403 889 2433 est.
922 2400 1085 2444 Propter
1109 2403 1205 2435 hanc
1230 2401 1470 2445 repetitionis
1494 2401 1620 2444 legem

111 2454 224 2489 etiam
248 2455 296 2490 id.
321 2454 442 2492 XXII.
469 2456 533 2491 117
573 2467 618 2490 ex
654 2456 888 2491 auctoritate
918 2457 1028 2492 codd.
1051 2458 1108 2494 23.
1133 2457 1179 2492 D.
1209 2458 1258 2492 M.
1296 2455 1343 2499 ὥς
1378 2458 1619 2493 scribendum

111 2511 281 2552 videtur,
319 2524 544 2558 quamquam
581 2513 743 2557 optimus
777 2514 797 2547 9
837 2510 914 2549 ’ἀπ’
956 2515 1082 2548 habet.
1130 2514 1227 2549 Nam
1264 2517 1397 2550 eadem
1432 2514 1619 2559 particula

110 2565 234 2600 fraudi
260 2567 425 2604 librariis
460 2569 543 2616 11ιίῐρ
566 2570 616 2605 id.
642 2569 760 2604 XXV.
786 2570 823 2610 3,
854 2570 918 2605 ubi
942 2571 1033 2605 mihi
1064 2583 1141 2607 non
1173 2573 1327 2607 dubium
1351 2572 1502 2606 videtur
1527 2571 1617 2615 quin

112 2624 315 2659 secundum
340 2627 449 2662 codd.
474 2639 520 2663 w.
545 2629 576 2663 9.
605 2629 656 2663 18.
680 2629 734 2665 23,
760 2626 810 2662 Μ.
836 2623 883 2669 ὥς
908 2627 1070 2674 ἐρεείνεις
1094 2631 1352 2674 reponendum
1378 2630 1437 2663 sit.
1477 2628 1616 2672 Saepe-

112 2690 265 2714 numero
291 2682 389 2716 enim
421 2689 557 2726 poetae
584 2684 720 2718 Graeci
751 2682 798 2724 ὡς
821 2685 1013 2727 dixerunt,
1052 2698 1167 2730 quum
1191 2683 1257 2722 ὅσα
1281 2687 1341 2720 vel
1373 2682 1395 2720 ὃὶ
1420 2689 1615 2729 exspecta-

112 2736 166 2771 cf.
184 2736 293 2772 Hom.
318 2738 352 2772 h.
376 2738 415 2773 in
440 2739 523 2776 Cer.
542 2752 575 2776 v.
598 2742 664 2779 172
688 2733 764 2778 ὦκα
787 2739 828 2778 δὲ
845 2742 950 2788 μητρὶ
975 2742 1124 2789 ἔννεπον,
1149 2741 1195 2785 ὥς
1220 2741 1310 2779 εἶδόν
1335 2755 1374 2779 τε
1400 2742 1458 2779 καὶ
1485 2741 1615 2788 ἔκλυον,

111 2798 148 2828 et
184 2806 280 2839 quae
315 2796 592 2833 adnotaverunt
627 2799 829 2834 Hermann.
866 2801 925 2835 ad.
950 2802 984 2835 h.
1008 2802 1048 2842 l.,
1074 2801 1253 2835 Wunder.
1291 2800 1339 2834 ad
1366 2799 1477 2844 Soph.
1504 2800 1548 2834 Ο.
1575 2799 1615 2836 C.

109 2861 143 2886 v.
169 2853 268 2887 1119.
315 2852 447 2887 Matth.
473 2855 506 2897 ξ,
530 2856 608 2889 485.
634 2867 669 2901 p.
696 2857 783 2891 1076
809 2857 867 2890 ed.
893 2856 959 2893 111.

1320 2917 1339 2954 3
