1911 3215
882 97 937 141 19

155 216 402 267 probabilis
415 220 487 258 est
500 217 706 257 Palmerii
725 217 958 264 sententia,
980 223 1114 267 quam
1131 214 1156 252 l.
1172 214 1196 252 l.
1215 215 1361 253 attulit
1377 214 1660 261 Fritzschius,

155 285 446 327 Philoxenum
476 286 552 326 illo
582 286 678 327 loco
710 285 948 336 designari
1007 284 1220 324 Comatae
1252 283 1485 323 historiam
1523 292 1659 333 quum

158 362 290 406 supra
320 355 505 394 dixerim
536 355 633 395 sine
665 353 797 393 dubio
826 355 984 393 notum
1005 354 1165 392 cantus
1184 351 1405 400 pastoritii
1426 361 1661 402 argumen-

156 426 252 462 tum
281 423 441 470 fuisse,
485 429 603 461 nunc
641 421 688 459 id
727 420 784 460 ad
824 420 1114 459 refellendum
1155 419 1265 458 satis
1308 428 1409 457 esse
1448 424 1575 468 puto,
1623 419 1662 457 si

157 490 370 529 alterutra
399 489 622 529 sententia
651 496 757 527 vera
783 491 913 535 esset,
946 487 1080 527 etiam
1100 487 1182 525 sub
1203 485 1451 536 Daphnidis
1471 486 1662 534 nomine,

159 559 234 609 qui
283 558 440 598 eodem
491 558 813 598 sententiarum
862 556 1018 596 ordine
1069 567 1168 595 cum
1220 555 1404 595 Comata
1449 555 1662 604 jungitur,

156 633 311 666 verum
343 626 569 666 hominem
590 627 730 666 latere
752 625 1097 668 existimandum
1118 635 1230 664 esse.
1280 624 1410 673 Quod
1431 633 1568 675 quum
1589 623 1663 661 ab—

157 696 340 735 surdum
372 695 439 743 sit,
470 692 578 734 illud
609 703 785 746 quoque
814 691 1072 738 incredibile
1103 696 1183 732 est.
1241 693 1344 731 Jam
1376 694 1425 730 ut
1455 702 1509 730 ea
1539 692 1664 731 brevi

157 761 439 815 complectar,
473 775 585 816 quae
616 764 760 803 adhuc
792 763 1018 813 disputata
1049 764 1170 809 sunt,
1203 764 1401 810 apparet,
1432 770 1489 800 ne
1521 760 1663 799 Theo-

158 833 315 872 critum
354 834 533 884 quidem
572 832 864 883 dedignatum
906 841 1008 870 esse
1045 831 1091 869 in
1132 830 1409 880 argumentis
1452 829 1662 868 bucolicis

156 903 227 941 vel
255 901 445 941 mimicis
475 903 547 941 vel
577 905 728 951 aperte
756 901 829 940 vel
858 903 975 940 tecte
1006 899 1167 939 aetatis
1199 909 1307 938 suae
1339 898 1544 938 homines
1569 898 1689 937 lau-¹

157 970 261 1010 dare
293 974 337 1009 et
367 970 603 1019 castigare,
645 972 778 1020 atque
808 969 853 1007 id
885 979 987 1007 cum
1017 968 1071 1006 de
1104 967 1294 1017 septimo
1325 966 1495 1016 idylliO,
1535 965 1684 1014 cujus

157 1038 364 1077 universa
401 1038 574 1077 indoles
612 1037 888 1089 aliquantum
928 1048 955 1076 a
996 1036 1205 1076 carminis
1245 1034 1464 1086 pastoritii
1505 1039 1664 1074 natura

155 1106 343 1153 recedat,
374 1106 536 1144 mirum
568 1114 669 1145 esse
699 1116 789 1144 non
821 1108 964 1155 queat,
996 1105 1114 1143 idem
1147 1104 1201 1142 de
1232 1104 1416 1154 reliquis
1442 1103 1683 1159 affirmare⁴

156 1183 245 1224 non
275 1173 428 1221 licere,
469 1174 525 1213 ad
556 1173 843 1224 allegoricam
874 1176 1024 1213 autem
1057 1172 1252 1223 speciem
1282 1183 1419 1223 prope
1451 1172 1662 1212 accedere

157 1241 212 1282 id.
242 1239 302 1281 ΙΙΙ
332 1245 376 1281 et
406 1241 476 1291 IV,
518 1253 787 1295 quamquam
819 1245 863 1282 et
893 1242 965 1281 hic
996 1246 1041 1281 et
1071 1241 1236 1293 ubique
1269 1239 1456 1291 (excipio
1488 1252 1665 1291 semper

157 1311 212 1351 id.
232 1308 329 1358 VII)
361 1315 493 1361 poeta
515 1312 695 1359 curavit,
726 1315 775 1350 ut
795 1314 1026 1361 pastorum
1048 1311 1410 1361 reliquorumque
1432 1311 1662 1350 hominum

156 1380 293 1420 indoli
315 1383 359 1420 et
380 1380 578 1420 moribus
600 1380 903 1420 describendis
926 1379 1090 1419 veritas
1111 1380 1237 1418 vitae.
1253 1382 1515 1419 servaretur.
1549 1379 1660 1419 Nam

158 1449 202 1487 id
231 1449 477 1488 tenendum
507 1458 685 1498 semper
715 1458 826 1496 esse,
856 1447 968 1486 vidit
991 1448 1088 1496 jam
1117 1447 1420 1487 Finkcnstein.
1450 1458 1489 1497 p.
1520 1443 1632 1497 46.*)

271 1517 458 1567 Vergilii
500 1518 582 1557 toti
624 1518 752 1567 poesi
795 1517 1022 1556 bucolicae
1069 1517 1326 1555 auctoribus
1374 1517 1662 1565 Bernhardyo

157 1586 208 1625 H.
238 1584 284 1623 L.
313 1586 360 1624 R.
391 1597 430 1635 p.
459 1581 546 1624 412
576 1585 640 1623 ed.
663 1584 702 1623 II
732 1587 776 1623 et
806 1583 1006 1623 Ameisio
1027 1584 1140 1623 Anu.
1171 1584 1275 1634 phil.
1309 1588 1353 1623 et
1382 1585 1507 1634 paed.
1541 1579 1661 1624 1850.

156 1651 193 1692 4.
223 1649 289 1692 61.
321 1665 359 1702 p.
388 1649 473 1691 373
506 1652 737 1704 allegoricae
766 1663 930 1691 nomen
960 1652 1245 1691 tribuendum
1277 1662 1390 1699 esse,
1422 1653 1461 1691 si
1489 1653 1663 1692 univer-

154 1731 250 1760 sam
275 1720 514 1772 quandam
558 1719 900 1769 appellationem
943 1719 1220 1771 quaerimus,
1278 1720 1487 1772 equidem
1530 1708 1661 1760 'haud

156 1789 426 1840 negaverim.
484 1788 544 1826 At
573 1788 769 1826 nondum
800 1799 827 1826 a
857 1798 1082 1839 quoquam
1112 1789 1356 1827 indicatum
1386 1789 1535 1836 video,
1572 1790 1660 1828 duo

156 1868 324 1909 genera
349 1857 486 1907 probe
517 1856 809 1896 discernenda
841 1865 962 1906 esse,
1006 1868 1194 1908 quorum
1232 1858 1421 1898 alterum
1463 1870 1488 1897 a
1519 1859 1661 1898 Theo-

156 1928 263 1966 crito
294 1929 524 1975 acceptum
553 1924 863 1964 tantummodo
895 1925 1196 1975 amplificavit,
1235 1926 1425 1965 alterum
1455 1926 1661 1966 fortunae

156 1995 422 2035 necessitate
454 1996 633 2033 coactus
664 1994 759 2043 ipse
789 1993 924 2033 finxit.
974 1994 1201 2033 Posterius
1234 1994 1380 2033 solum
1411 2006 1437 2033 a
1459 1995 1660 2045 Vergilio

155 2066 415 2114 usurpatum
444 2070 562 2110 esse,
602 2061 713 2102 falso
743 2062 907 2112 legitur
935 2062 982 2102 in
1013 2061 1239 2103 Servianis
1272 2063 1328 2103 ad
1369 2063 1446 2103 ecl.
1477 2064 1546 2104 III.
1585 2059 1659 2104 20:

154 2129 437 2179 „refutandae
468 2134 573 2169 sunt
603 2130 844 2180 allegoriae
874 2131 920 2169 in
950 2131 1152 2170 bucolico
1184 2131 1399 2179 carmine,
1432 2132 1518 2171 nisi
1549 2143 1661 2181 cum,

159 2204 205 2239 ut
224 2211 359 2249 supra
380 2200 570 2239 diximus
593 2196 666 2246 (ad
688 2199 764 2239 ecl.
786 2199 814 2238 Ι.
839 2196 891 2247 1),
916 2210 969 2238 ex
989 2200 1138 2250 aliqua
1159 2210 1368 2250 agrorum
1388 2201 1662 2249 perditorum

156 2264 423 2307 necessitate
455 2264 765 2305 descendunt.“
823 2267 863 2305 A
894 2267 1130 2306 Theocrito
1160 2268 1352 2317 primum
1381 2267 1467 2306 hoc
1498 2268 1661 2316 didicit,

155 2341 205 2374 ut
235 2335 331 2384 ejus
361 2332 501 2384 idyllii
530 2333 649 2372 tertii
678 2331 851 2372 ratione
881 2334 1035 2373 habita
1062 2335 1107 2373 in
1129 2335 1331 2373 omnium
1351 2345 1463 2386 quas
1486 2337 1662 2387 scripsit

157 2405 411 2454 eclogarum
429 2403 572 2454 prima
593 2400 686 2451 (ecl.
708 2399 830 2450 11)**)
857 2402 938 2442 sub
962 2401 1207 2453 Corydonis
1229 2404 1410 2444 nomine
1433 2415 1481 2445 se
1504 2406 1662 2456 ipsum,

247 2537 277 2579 *)
302 2536 440 2571 Mirum
463 2538 542 2577 est,
567 2535 669 2580 quod
694 2538 844 2570 veteres
869 2536 1105 2579 grammatici
1129 2537 1251 2578 latini,
1287 2537 1442 2572 Servius
1467 2539 1584 2582 praef.
1611 2538 1660 2572 ad

157 2593 223 2629 ecl.
246 2604 282 2637 p.
308 2594 351 2627 915
376 2595 435 2627 ed.
459 2592 567 2627 Lion.
592 2596 629 2627 et
652 2593 751 2626 Don.
775 2592 840 2626 vit.
864 2592 1005 2628 XXIII.
1030 2594 1108 2635 fin.,
1141 2606 1163 2629 a
1188 2595 1392 2629 Theocrito
1418 2595 1541 2629 omnia
1574 2595 1659 2629 sim·

157 2643 305 2696 pliciter
328 2651 573 2694 pronuntiata
598 2661 681 2685 esse
707 2649 994 2686 contenderunt.
1044 2652 1252 2697 Vergilium
1281 2653 1401 2696 ipsum
1434 2652 1543 2686 aliter
1576 2664 1659 2687 sen·

159 2709 264 2749 sisse,
291 2718 311 2742 e
337 2707 591 2751 disputatione
617 2718 701 2742 mea
726 2708 934 2751 apparebit.

247 2765 292 2809 **)
317 2764 495 2810 Eclogam
520 2766 722 2800 secundam
747 2764 911 2799 omnium
935 2766 1094 2810 primam
1113 2766 1243 2808 fuisse,
1269 2765 1395 2801 bacin
1413 2776 1529 2801 causa
1547 2776 1661 2811 quam

156 2823 314 2858 maxime
332 2822 581 2867 reputandum
600 2826 675 2864 est3
696 2833 781 2857 nam
798 2822 861 2856 illo
874 2826 1046 2867 tempore
1061 2823 1224 2858 nondum
1239 2832 1418 2868 agrorum
1433 2825 1662 2859 necessitate

1334 2881 1382 2917 2*
