1911 3215
574 429 886 495 corrigenda.
928 432 983 479 et
1018 430 1278 480 Addenda
1287 428 1350 498 ⁴²).

283 563 376 610 Pag.
394 564 416 599 8
438 563 502 599 lin.
521 565 542 599 6
568 573 665 600 corr.
691 565 1001 601 accommodatius.
1024 586 1071 592 —
1094 579 1129 613 p.
1152 567 1193 603 10
1217 567 1281 603 lin.
1300 567 1320 603 7
1339 577 1437 603 corr.
1448 568 1647 614 proposito.
1665 588 1711 595 -

191 634 226 666 p.
253 623 295 657 15
321 626 397 657 not.
423 622 468 665 **)
493 623 556 657 lin.
584 625 599 658 1
629 634 685 667 sq.
712 632 809 658 corr.
835 625 1060 669 anteqressis.
1084 645 1131 651 —-
1158 637 1193 670 p.
1219 625 1262 661 25
1287 626 1351 660 lin.
1376 625 1419 660 35
1446 637 1543 661 corr.
1568 619 1640 661 E‘x.
1665 647 1710 653 —

190 690 225 723 p.
243 680 288 716 26
311 679 375 714 lin.
396 680 437 714 16
463 688 562 715 corr.
577 689 741 725 prooem.
765 680 828 715 lin.
858 682 898 716 17
923 692 1007 727 sqq.
1032 682 1135 718 aliud
1160 682 1305 728 campsis
1331 683 1540 729 exemplum
1562 685 1710 729 reperi·

190 740 253 772 tur
270 736 339 772 ecl.
358 736 440 771 VII.
458 747 492 771 v.
510 737 556 774 29
575 746 644 781 sq„
670 738 933 783 explicandum
957 739 1050 774 illud
1074 740 1460 785 “epigrammatum
1484 751 1575 783 usu,
1598 751 1712 786 quem

193 793 381 839 spectavit
406 793 441 828 h.
463 793 483 828 1.
505 796 627 839 poeta.
647 815 694 820 —
717 806 753 840 p.
777 795 822 831 27
847 795 911 830 lin.
934 797 980 833 22
1006 807 1089 842 sqq.
1116 797 1205 833 add.
1228 797 1296 833 ecl.
1321 796 1387 834 IX.
1411 798 1476 840 24,
1511 798 1577 834 ubi
1602 802 1638 834 et
1661 799 1710 834 ad

192 850 428 887 efficiendam
464 852 648 886 orationis
682 852 917 888 alacritatem
951 854 1005 888 ita
1038 858 1097 889 est
1128 848 1352 899 repetitum,
1388 858 1430 890 ut
1465 855 1525 892 καί
1550 856 1710 892 Theocr-

190 908 239 942 id.
263 907 330 942 111.
356 910 379 943 4
403 907 485 943 coll.
511 908 569 944 ecl
592 907 659 945 111.
685 910 728 944 65
755 912 793 943 et
818 909 998 955 Wagner.
1037 910 1195 954 Quaest.
1228 908 1386 946 XXXV.
1412 912 1444 947 7.
1468 913 1504 948 h.
1526 902 1708 947 Min'antis

190 968 250 1002 est
273 970 308 1000 et
339 965 406 1002 ecl.
431 964 479 1001 11.
503 966 664 1002 445011.
691 965 850 1003 Theocr.
877 966 928 1004 id.
952 966 1019 1003 ΠΙ.
1045 969 1102 1005 36.
1125 966 1306 1015 Wagner.
1330 968 1354 1006 1.
1378 968 1401 1004 1.
1428 969 1459 1006 7.
1485 979 1535 1012 c.;
1568 976 1708 1016 magna.

188 1035 272 1058 cum
297 1023 489 1069 graviute
514 1023 553 1057 in
578 1024 770 1059 enunciati
794 1026 981 1069 prIneipio
1006 1026 1173 1070 positum
1198 1027 1266 1061 ecl.
1290 1027 1355 1062 111.
1375 1028 1420 1062 56
1446 1027 1529 1062 coll.
1548 1027 1707 1062 Theoer.

188 1082 238 1117 id.
263 1081 291 1118 L
311 1082 388 1118 141.
409 1081 590 1127 Wagner.
610 1082 642 1117 7.
658 1083 692 1117 h.
718 1081 834 1128 Atque
858 1083 993 1118 eodem
1018 1083 1132 1119 modo
1156 1095 1238 1120 cum
1262 1083 1300 1119 vi
1324 1084 1491 1129 quadam.
1513 1084 1703 1130 prolatum

188 1142 247 1174 est
272 1139 340 1174 ecl.
359 1139 441 1174 VII.
467 1140 500 1179 7,
525 1149 600 1184 quo
625 1140 686 1175 καί
708 1140 759 1174 id.
783 1140 862 1173 VH.
888 1141 940 1175 11.
968 1140 1021 1174 Cf.
1040 1141 1124 1175 intt.
1149 1141 1349 1185 utriusque
1373 1144 1511 1186 poetae
1531 1145 1570 1176 et
1588 1141 1702 1187 Wag-

189 1207 267 1234 ner.
291 1196 316 1232 l.
348 1196 371 1232 1.
404 1197 461 1234 22.
485 1216 533 1222 -
563 1208 598 1242 p.
625 1198 668 1233 29
703 1196 766 1232 lin.
790 1198 835 1234 24
861 1197 946 1233 add.
985 1197 1034 1232 id.
1067 1196 1207 1234 XXIV.
1233 1198 1253 1234 7
1285 1200 1323 1234 et
1347 1200 1386 1241 8;
1427 1201 1533 1235 recte
1562 1200 1704 1234 ‘tamen

188 1254 331 1289 dixisse
356 1255 509 1295 videor,
540 1258 580 1289 in
606 1254 837 1289 carminibus
862 1255 1045 1290 bucolicis
1071 1256 1170 1290 hunc
1194 1266 1304 1290 usum
1327 1259 1482 1300 praeter
1506 1256 1543 1290 11.
1567 1256 1603 1290 11.
1629 1266 1706 1290 non

186 1311 359 1348 inveniri.
384 1330 431 1337 -—
455 1324 490 1357 p.
516 1312 560 1348 32
584 1310 648 1346 lin.
674 1313 693 1345 5
720 1322 805 1347 cum
828 1311 896 1348 ecl.
923 1311 985 1347 VI.
1010 1313 1058 1348 80
1080 1312 1247 1348 conferri
1271 1311 1550 1358 quodammodo
1576 1314 1705 1359 potest

185 1370 236 1405 id.
260 1371 288 1404 1.
313 1371 375 1412 26,
409 1381 522 1414 quem
546 1381 578 1404 v.
606 1373 784 1414 spectans
812 1370 1004 1414 Vergilius
1048 1371 1115 1405 ecl.
1148 1370 1215 1404 III.
1241 1371 1286 1405 3⁰
1317 1371 1390 1405 alio
1424 1381 1566 1415 genere
1596 1381 1706 1415 repe·

185 1427 333 1462 titionis
363 1437 456 1463 usus
488 1430 558 1463 est.
582 1426 646 1461 lin.
674 1427 714 1462 17
741 1426 814 1461 del.
839 1427 895 1462 ab.
923 1444 967 1453 -
991 1438 1025 1471 p.
1051 1426 1095 1461 33
1125 1426 1189 1461 lin.
1216 1427 1258 1462 15
1285 1437 1378 1462 cum.
1412 1427 1479 1464 ecl.
1517 1426 1620 1462 VIII.
1662 1426 1707 1462 83

190 1485 365 1521 conferas
392 1484 459 1520 ecl.
485 1483 531 1518 X.
558 1484 596 1526 3;
637 1495 724 1518 nam
748 1486 914 1528 utroque
947 1484 1032 1519 loco
1071 1494 1146 1518 non
1183 1485 1293 1520 aliter
1329 1487 1444 1529 atque
1471 1484 1632 1519 Theocr.
1655 1484 1706 1519 id.
1753 1526 1762 1528 „

187 1543 251 1577 VI.
277 1544 297 1576 5
323 1542 427 1588 quod
451 1541 617 1586 positum
643 1543 725 1575 erat
749 1541 787 1575 in
812 1541 934 1585 primo
959 1541 1057 1586 pede
1082 1541 1325 1582 vocabulum,
1358 1542 1398 1576 in
1431 1541 1563 1586 quinto
1596 1551 1705 1586 repe-

190 1600 302 1635 titum
327 1603 407 1641 est,
447 1598 623 1644 neglecta
655 1600 782 1632 tamen
814 1608 973 1633 caesura
1005 1598 1185 1633 bucolica.
1217 1601 1293 1634 not.
1328 1598 1391 1634 lin.
1429 1599 1471 1635 18
1508 1609 1605 1633 corr.
1642 1608 1707 1633 ex-

185 1661 334 1705 spectes.
358 1676 406 1683 —-
427 1668 463 1702 p.
490 1657 533 1692 35
558 1656 620 1691 lin.
646 1655 812 1702 paenult.
837 1665 935 1691 corr.
959 1665 1027 1691 vss.
1056 1654 1079 1690 7
1100 1658 1136 1691 et
1161 1655 1195 1691 8.
1219 1676 1266 1682 -
1295 1668 1330 1702 p.
1357 1656 1401 1692 37
1431 1655 1495 1691 lin.
1529 1657 1575 1693 24
1607 1664 1706 1691 corr,

194 1715 323 1761 Verqil.
345 1735 392 1741 —-
414 1726 449 1760 p.
474 1715 518 1749 40
543 1714 606 1748 lin.
632 1714 702 1748 ult.
729 1724 827 1749 corr.
853 1713 1056 1748 Aleremius.
1081 1733 1127 1741 -
1151 1725 1186 1758 p.
1212 1715 1251 1749 41
1287 1717 1364 1749 not.
1388 1714 1453 1748 lin.
1476 1714 1497 1748 6
1524 1723 1580 1758 sq.
1606 1723 1706 1748 corr.

185 1774 334 1809 videtur.
357 1791 402 1797 —
426 1783 462 1818 p.
488 1773 531 1806 45
557 1771 621 1806 lin.
647 1772 668 1806 8
695 1781 792 1806 corr.
825 1770 1135 1806 Wordsworthius.
1159 1790 1206 1797 —
1228 1782 1265 1816 p.
1290 1772 1335 1806 54
1365 1771 1427 1805 lin.
1453 1772 1473 1806 6
1504 1781 1588 1817 sqq.
1621 1771 1708 1808 add.

187 1831 256 1867 ecl.
275 1832 320 1866 V.
340 1832 384 1866 46
404 1842 460 1875 sq.
486 1830 533 1865 iis
559 1829 665 1871 locis,
691 1829 738 1864 de
764 1828 902 1873 quibus
928 1828 1005 1863 dixi
1029 1840 1064 1873 p.
1089 1830 1133 1865 27
1159 1840 1214 1873 sq.
1239 1828 1304 1863 lin.
1322 1829 1367 1865 23
1393 1840 1490 1864 corr.
1515 1839 1705 1875 occupas-—

186 1891 250 1923 set.
275 1907 322 1914 —-
345 1899 382 1932 p.
408 1889 451 1922 55
475 1887 539 1921 lin.
563 1886 626 1921 lin.
655 1887 671 1920 1
700 1896 797 1920 corr.
822 1885 1062 1930 stropharum.
1087 1905 1133 1910 —
1156 1896 1191 1929 p.
1217 1886 1259 1920 57
1284 1885 1346 1920 lin.
1373 1886 1394 1920 6
1420 1896 1518 1921 corr.
1544 1884 1645 1920 VIII.
1660 1904 1707 1911 —

186 1958 221 1992 p.
244 1947 283 1981 61
311 1945 375 1980 lin.
392 1947 414 1980 4
432 1955 529 1981 corr.
550 1945 740 1990 perspicio.
765 1943 828 1978 lin.
847 1943 903 1980 27.
937 1952 1033 1978 corr.
1054 1942 1108 1978 35.
1127 1964 1173 1969 —
1188 1953 1224 1988 p.
1242 1944 1287 1980 62
1309 1943 1372 1978 lin.
1389 1944 1411 1978 9
1430 1954 1526 1980 corr.
1547 1944 1706 1979 Graecis.

186 2006 243 2039 lin.
268 2005 312 2041 29
339 2004 426 2038 add.
447 2004 515 2040 ecL
534 2003 582 2037 ΙΙ.
600 2003 664 2044 24;
691 2002 946 2037 conferendus
971 2004 1031 2036 est
1056 2002 1121 2045 qui
1152 2003 1186 2035 h.
1211 2002 1234 2035 Ι.
1260 2001 1454 2046 reperitur
1476 2001 1602 2036 hiatus
1621 2011 1708 2036 cum

189 2061 236 2096 iis
262 2062 430 2103 duobus,
457 2061 505 2097 de
530 2061 668 2106 quibus
694 2059 771 2095 dixi
795 2059 834 2094 in
860 2059 1106 2094 adnotatione
1132 2058 1214 2103 (ecl.
1235 2058 1317 2093 VII.
1338 2058 1391 2093 53.
1417 2058 1462 2093 X.
1482 2059 1552 2103 12),
1578 2068 1707 2104 quam-

188 2132 311 2167 quam,
335 2124 378 2155 ut
403 2120 481 2155 dixi
504 2132 540 2164 p.
558 2120 611 2161 13,
636 2122 740 2154 totus
758 2119 848 2154 mihi
873 2129 1008 2154 versus
1034 2129 1054 2153 e
1082 2117 1230 2153 Graeco
1249 2118 1458 2153 translatus
1483 2117 1646 2152 videtur.
1663 2137 1709 2142 —

187 2190 224 2222 p.
251 2178 295 2212 63
319 2178 383 2211 lin.
408 2180 427 2211 5
454 2187 551 2212 corr.
569 2179 752 2222 pastores.
777 2196 823 2201 —
846 2187 881 2220 p.
908 2177 950 2210 65
975 2175 1039 2211 lin.
1066 2176 1107 2209 16
1134 2185 1231 2210 corr.
1264 2176 1408 2209 eximia.
1432 2194 1479 2200 —
1502 2185 1538 2218 p.
1569 2175 1613 2211 72
1644 2173 1707 2208 lin.

189 2237 236 2274 24
260 2246 359 2273 corr.
385 2235 603 2281 caprarium.
629 2255 674 2260 —
700 2246 736 2279 p.
761 2234 805 2269 79
829 2233 893 2270 lin.
920 2233 962 2268 18
989 2243 1085 2268 corr.
1112 2233 1238 2268 attulit.
1263 2253 1308 2259 —-
1332 2244 1366 2278 p.
1398 2233 1443 2268 82
1474 2235 1552 2269 not.
1575 2232 1639 2267 lin.
1665 2232 1707 2267 15

193 2304 296 2330 corr.
320 2295 355 2328 in
381 2294 453 2328 tali.
478 2313 524 2318 —
548 2294 592 2328 85
616 2292 681 2328 lin.
707 2293 750 2327 36
776 2302 873 2326 corr.
899 2290 1107 2336 rhythmica.
1133 2310 1177 2316 —
1201 2302 1237 2335 p.
1263 2292 1306 2325 94
1330 2290 1393 2326 lin.
1416 2291 1458 2325 15
1484 2299 1571 2325 corr
1595 2287 1706 2337 ὁρᾷς.

258 2398 285 2434 ·)
305 2397 429 2426 Leviora
449 2396 595 2433 quaedam
614 2394 726 2424 librarii
745 2400 863 2430 peccata
883 2395 977 2423 lector
994 2393 1158 2423 benevoius
1177 2393 1264 2422 facile
1284 2394 1348 2429 ipse
1368 2393 1506 2429 corriget.

688 2869 727 2904 Ex
748 2874 869 2904 officina
892 2874 924 2904 C.
944 2873 988 2903 W.
1009 2874 1202 2903 ῩοιιιιΑτυῐῐ.
