1911 3215
975 108 1032 152 92

359 227 613 278 Quominus
653 227 881 278 Vergilius
928 238 981 266 ea
1024 228 1162 267 verba
1199 228 1467 277 imitaretur,
1519 230 1565 268 in
1600 230 1764 281 quibus

244 295 444 348 Daphnis
476 295 586 335 Pani
617 295 814 336 fistulam
853 305 981 336 suam
1023 307 1187 336 munus
1219 297 1366 345 offert,
1416 297 1659 349 impeditus
1692 286 1772 340 est'

241 366 435 417 pastoris
465 376 669 416 persona.
719 366 833 405 Nam
865 369 1187 406 commemorat
1215 367 1395 418 quidem
1422 368 1472 415 is,
1504 368 1631 416 cujus
1662 380 1759 418 par-

241 437 309 474 tes
341 434 437 485 agit
472 434 821 484 Alphesiboeus,
873 431 1124 474 extremum
1167 435 1391 487 quoddam
1432 447 1613 484 munus,
1666 437 1756 484 sed,

241 503 453 554 quoniam
490 506 681 542 mortem
721 512 851 541 suam
892 503 1126 554 significat,
1160 503 1269 543 illud
1307 515 1474 554 magna
1505 516 1605 544 cum
1637 516 1756 544 acer-

239 571 377 611 bitate
408 570 602 621 perfidae
623 570 799 621 puellae
831 571 973 611 offert.
1032 570 1221 621 Legitur
1255 572 1340 611 hoc
1371 582 1458 612 vss.
1490 568 1546 612 59
1577 584 1639 625 sq.

471 646 660 691 Praeceps
687 645 782 680 aerii
807 646 964 690 specula
990 646 1036 681 de
1062 646 1201 681 montis
1227 647 1266 681 in
1290 647 1412 681 undas

467 703 647 745 Deferar3
674 705 883 738 extremum
908 704 979 739 hoc
1004 715 1138 738 munus
1164 703 1362 739 morientis
1387 705 1538 739 habeto.

353 779 402 817 In
433 778 502 817 his
535 777 740 817 versibus
778 777 929 817 infelix
966 780 1135 829 pastor,
1188 778 1293 831 quid
1325 779 1514 829 jamjam
1554 779 1754 820 facturus

238 848 313 894 sit,
364 858 452 886 non
491 847 619 885 aliter
655 846 823 885 indicat
859 849 993 897 atque
1035 847 1366 897 significaverat
1396 848 1596 897 Daphnis
1635 849 1752 897 apud

237 915 524 954 Theocritum
545 925 583 954 v,
607 909 708 953 128:
742 903 771 968 ἧ
790 907 868 967 γὰρ
890 906 991 966 ἐγὼν
1012 907 1077 954 ὑπ’
1115 912 1263 968 ἔρωτος
1293 911 1335 963 ἐς
1350 909 1499 964 ’Ἄϊδος
1528 914 1609 964 (sic
1631 919 1751 956 recte

237 983 353 1029 Ahr.,
386 983 504 1034 apud
536 995 669 1034 quem
702 986 772 1021 est
801 994 838 1021 V.
874 978 973 1029 115)
1005 978 1184 1035 ἕλκομαι
1211 976 1293 1036 ἤδη
1325 986 1369 1022 et
1398 995 1436 1023 v,
1469 981 1569 1023 133:
1603 979 1755 1036 Δάφνις

238 1046 327 1091 ἐπεὶ
355 1044 543 1093 ζΜάσκα..
606 1052 764 1091 Mortis
800 1062 945 1102 genus
976 1052 1074 1101 ipsa
1104 1051 1351 1102 Daphnidis
1390 1052 1590 1092 oratione
1623 1064 1749 1092 accu-

237 1121 378 1160 ratius
411 1120 663 1160 describere
695 1120 959 1160 Theocritus
994 1131 1083 1160 non
1106 1130 1293 1160 necesse
1315 1121 1473 1160 habuit
1502 1125 1749 1172 propterea,

239 1190 357 1242 quod
394 1190 502 1228 illud
540 1202 567 1229 a
598 1190 817 1240 Thyrside
855 1190 1197 1229 commemorari
1233 1190 1493 1230 volebat-in
1525 1191 1613 1229 fine
1646 1202 1746 1229 can-

237 1259 400 1299 tilenae
430 1269 519 1299 vss.
546 1254 627 1298 138
649 1270 710 1311 sq.
750 1258 796 1298 Id
819 1259 914 1298 fieri
936 1258 1128 1299 debebat
1150 1271 1176 1298 a
1196 1259 1383 1310 Vergilii
1405 1262 1596 1310 pastore,
1628 1259 1747 1309 apud

236 1338 371 1380 quem
397 1339 423 1367 a
443 1327 659 1378 principio
691 1338 833 1379 usque
866 1327 921 1367 ad
953 1328 1087 1367 finem
1111 1327 1318 1367 carminis
1341 1327 1412 1366 hic
1435 1328 1585 1367 omnia
1612 1328 1750 1379 loqui-

236 1399 319 1436 tur.
351 1396 447 1435 Hac
470 1398 622 1435 autem
644 1396 894 1436 mutatione
915 1399 1049 1447 poeta
1068 1397 1298 1436 Romanus
1320 1408 1410 1436 una
1438 1396 1481 1436 id
1514 1389 1749 1435 assecutus

236 1468 322 1513 est,
359 1468 410 1504 ut
444 1465 488 1504 in
527 1477 621 1505 rem
654 1475 783 1505 suam
815 1468 1096 1505 converteret
1125 1468 1301 1515 praeter
1331 1465 1386 1505 id.
1418 1466 1566 1506 XXIII.
1597 1460 1654 1505 20
1686 1476 1748 1517 sq.

235 1527 368 1586 (δῶρὰ
397 1545 461 1573 τοι
488 1523 617 1588 ἧνῖτον
648 1529 817 1574 iocosam
846 1531 982 1573 ταῦτα
1012 1530 1158 1586 φέρων,
1188 1526 1259 1572 τὸν
1290 1526 1388 1586 ἐμὸν
1418 1526 1579 1586 βρόχον)
1613 1534 1748 1573 etiam

235 1601 290 1643 id.
322 1603 391 1642 ΙΙΙ.
425 1597 480 1642 25
513 1594 609 1660 (τὰν
640 1597 789 1652 βαίταν
821 1594 978 1651 ἀποδὺς
1009 1599 1052 1650 ἐς
1081 1594 1255 1654 κύματα
1284 1599 1392 1655 τηνῶ
1424 1594 1633 1654 ἁλεῢμαι).

349 1671 431 1709 His
463 1671 525 1710 ita
557 1671 786 1721 expositis,
839 1671 1116 1721 intelligetur
1148 1671 1304 1719 etiam,
1337 1682 1414 1710 cur
1444 1670 1671 1721 Vergilius
1703 1671 1747 1710 in

234 1740 438 1791 opposito
461 1739 753 1790 Alphesiboei
778 1740 976 1780 carmine
1008 1740 1233 1791 integrum
1265 1740 1468 1790 idyllium
1501 1740 1747 1780 secundum

236 1809 503 1849 adumbrare
546 1820 635 1848 non
675 1809 881 1859 potuerit.
942 1809 1139 1857 Etenim,
1199 1820 1286 1860 quo
1333 1811 1562 1859 pastorum
1611 1809 1748 1848 canti-

234 1879 363 1917 lenae
394 1888 551 1917 revera
582 1878 699 1917 inter
730 1888 778 1917 se
812 1878 1044 1928 oppositae
1077 1881 1250 1926 essent,
1293 1889 1381 1917 non
1424 1877 1566 1917 solum
1600 1877 1642 1916 id
1677 1889 1748 1917 cu-

236 1946 367 1994 ravit,
417 1946 534 1997 quod
566 1947 661 1995 jam
695 1956 829 1997 supra
861 1947 1224 1994 commemoravi,
1276 1951 1325 1985 ut
1370 1946 1544 1996 puellae
1587 1946 1750 1985 sacrifi-

233 2016 349 2055 cium
380 2014 579 2054 faustum
611 2019 822 2055 eventurn
860 2016 1065 2063 haberet,
1118 2016 1198 2056 sed
1240 2015 1484 2055 elaboravit
1525 2015 1660 2054 etiam
1702 2015 1746 2054 in

234 2095 298 2131 eo,
330 2087 379 2123 ut
408 2084 484 2123 illa
517 2085 662 2134 magis
695 2084 997 2133 suspicaretur
1029 2085 1082 2122 de
1114 2084 1362 2134 Daphnidis
1394 2084 1580 2133 perfidia
1611 2094 1745 2134 quam

234 2163 333 2192 eam
367 2157 640 2202 compertam
673 2152 869 2191 haberet.
920 2152 987 2190 Ad
1019 2153 1103 2191 hoc
1135 2153 1172 2191 si
1205 2152 1433 2200 adjeceriS,
1465 2165 1491 2190 a
1522 2152 1746 2191 secundae

230 2221 371 2272 partis
413 2221 553 2271 idyllii
592 2221 840 2260 imitatione
872 2221 943 2259 vel
974 2225 1208 2272 propterea
1238 2225 1397 2272 poetae
1431 2221 1747 2261 abstinendum

229 2290 381 2339 fuisse,
399 2291 518 2343 quod
535 2290 732 2343 alioquin
756 2291 989 2343 utriusque
1012 2291 1259 2330 cantilenae
1281 2302 1439 2331 versus
1462 2291 1748 2330 intercalares

232 2361 348 2401 inter
369 2370 417 2399 se
439 2371 529 2399 non
553 2360 879 2410 congruissent,
909 2372 999 2399 non
1024 2360 1107 2399 erit
1140 2360 1343 2410 amplius,
1376 2360 1493 2411 quod
1525 2359 1747 2406 miremur,

231 2429 483 2480 Vergilium
517 2440 570 2467 ex
600 2429 676 2469 illa
696 2434 823 2479 parte
855 2429 965 2467 nihil
994 2432 1172 2478 praeter
1201 2439 1368 2479 paucos
1399 2439 1557 2467 versus
1591 2423 1662 2475 (95
1685 2438 1747 2479 sq.

233 2498 327 2539 coll.
361 2498 544 2537 Theocr.
578 2507 664 2536 vss.
701 2492 779 2537 161
822 2496 902 2549 sq.)
942 2501 1046 2536 ante
1094 2497 1246 2536 oculos
1294 2496 1508 2536 habuisse
1555 2497 1744 2549 ideoque

230 2567 313 2608 sub
345 2568 481 2606 finem
517 2567 700 2616 eclogae
734 2562 790 2612 (V.
815 2562 893 2605 101
918 2565 997 2616 sq.)
1031 2565 1316 2604 dissimillimi
1349 2565 1557 2604 carminis
1589 2576 1745 2604 versus

230 2635 396 2684 (XXIV.
427 2631 484 2675 92
516 2646 609 2687 sqq.
623 2632 657 2682 *)
691 2634 957 2674 adumbrare
990 2645 1078 2674 non
1111 2634 1353 2674 dubitasse.

321 2804 351 2847 *)
376 2802 631 2838 Imitationem
663 2804 699 2837 h.
725 2803 746 2836 l.
774 2813 848 2836 non
885 2800 1088 2845 agnovisse
1127 2800 1277 2835 videtur
1302 2801 1511 2836 Ahrensius
1538 2804 1613 2845 (est
1646 2801 1746 2845 apud

231 2871 315 2896 eum
341 2861 392 2895 id.
419 2860 522 2895 XIX.
550 2862 592 2895 93
619 2862 731 2904 sqq.)‚
762 2859 862 2894 sicut
901 2870 983 2893 cam
1021 2868 1094 2893 non
1132 2858 1289 2902 agnovit
1320 2869 1354 2892 v.
1379 2860 1421 2892 85
1448 2869 1504 2902 sq.
1531 2860 1580 2900 (v.
1605 2858 1648 2892 86
1675 2861 1747 2902 sq.)
