1911 3215
613 710 882 786 caput
928 710 1311 785 primum.

401 928 453 967 lie
485 925 680 966 Theocriti
709 929 749 965 et
777 924 938 976 Vergilii
969 924 1192 977 pastoribus
1222 924 1265 964 in
1296 924 1530 964 universum.

325 1043 389 1083 Eo
419 1045 631 1093 tempore,
663 1053 749 1094 quo
778 1045 939 1093 poetae
965 1042 1154 1082 Romani
1185 1053 1239 1081 ex
1267 1044 1502 1092 poetarum
1531 1040 1721 1080 Alexan-

214 1110 438 1151 drinorum
461 1111 669 1162 operibus
702 1117 746 1151 et
774 1122 923 1151 rerum
944 1111 1116 1162 copiam
1149 1113 1193 1151 et
1214 1110 1426 1150 orationis
1449 1109 1721 1161 elegantiam

212 1180 390 1219 haurire
412 1179 794 1228 consueverant*),
823 1181 1102 1230 Vergilius
1135 1181 1312 1228 exstitit,
1341 1180 1416 1230 qui
1437 1179 1721 1225 Theocriti,

213 1248 368 1300 optimi
398 1248 596 1288 omnium
627 1251 859 1299 poetarum
891 1247 1313 1296 Alexandrinorum,
1346 1248 1547 1297 lectione,
1579 1247 1721 1288 imbu-

212 1321 295 1365 tus,
317 1319 413 1366 ejus
436 1317 634 1356 carmina
654 1317 856 1355 bucolica
876 1317 1125 1354 imitatione
1147 1317 1392 1365 exprimere
1417 1317 1719 1355 constitueret.

214 1385 494 1436 Quamquam
517 1384 632 1424 enim
648 1384 746 1433 jam
769 1386 872 1424 ante
888 1384 1139 1435 Vergilium
1162 1384 1403 1424 Catullus
1424 1384 1496 1424 vel
1517 1384 1719 1432 Calvus,

214 1464 327 1504 quae
378 1456 446 1492 est
499 1453 722 1492 sententia
767 1453 934 1504 Ungeri
980 1453 1034 1492 de
1076 1453 1117 1493 C.
1161 1453 1311 1504 Valgii
1350 1454 1450 1493 Rufi
1495 1454 1719 1493 Poematis

212 1536 250 1573 p.
271 1517 357 1563 287
377 1520 546 1574 sqq.**),‘
568 1523 1033 1562 Pharmaceutrias
1062 1523 1285 1562 Theocriti
1318 1523 1496 1563 civitate
1517 1524 1719 1563 Romana

213 1592 413 1640 donavit,
458 1596 629 1639 tamen,
673 1592 758 1630 hoc
789 1602 969 1631 carmen
1000 1603 1136 1643 quum
1167 1603 1257 1631 non
1297 1593 1485 1631 bucolici
1518 1593 1594 1640 sit,
1641 1590 1718 1631 sed

211 1659 377 1699 mimici
423 1660 620 1709 generis,
664 1661 790 1700 Maro
838 1664 957 1701 recte
1005 1661 1059 1700 de
1100 1672 1148 1701 se
1178 1661 1435 1711 praedicare
1466 1662 1611 1711 potuit
1642 1661 1718 1701 ecl.

215 1726 286 1768 VI.
319 1723 343 1767 1
377 1737 438 1780 sq.

486 1802 613 1837 Prima
638 1803 841 1848 Syracosio
868 1804 1026 1848 dignata
1052 1807 1111 1839 est
1134 1805 1266 1840 ludere
1291 1816 1406 1839 versu

473 1860 626 1904 ‘Nostra
650 1871 772 1906 neque
799 1861 949 1896 erubuit
975 1861 1089 1897 silvas
1114 1862 1288 1898 habitare
1314 1864 1456 1898 Thalia.

325 1934 471 1973 Nihilo
521 1934 670 1973 minus
710 1935 1002 1975 vehementer
1041 1937 1273 1984 erraverit,
1324 1938 1360 1976 si
1403 1939 1501 1989 quis
1541 1942 1720 1988 poetam

214 2001 534 2043 existimaverit
563 2004 609 2044 in
641 2004 809 2056 eclogis
841 2005 986 2045 solum
1008 2006 1293 2046 Theocritum
1324 2011 1428 2047 ante
1460 2008 1613 2048 oculos
1644 2009 1721 2048 ha-

212 2070 375 2111 buisse.
449 2072 562 2112 Nam
611 2073 741 2113 sicuti
789 2077 966 2124 praeter
1013 2078 1170 2125 poetas
1220 2076 1447 2115 Romanos
1496 2077 1719 2117 interdum

213 2139 415 2188 Homeri,
447 2141 653 2191 Hesiodi,
685 2141 908 2193 Apollonii
938 2143 1119 2192 Rhodii,
1157 2144 1385 2193 Nicandri,
1419 2145 1561 2195 Arati,
1594 2146 1720 2186 Calli-

214 2208 360 2247 machi
391 2211 625 2250 sententiis
665 2212 830 2260 pariter
874 2224 925 2251 ac
955 2213 1102 2251 verbis
1145 2213 1189 2251 in
1221 2214 1305 2252 hoc
1336 2224 1469 2263 opere
1501 2225 1609 2253 usus
1642 2221 1720 2264 est,

212 2276 274 2316 ita
306 2288 332 2316 a
363 2277 520 2317 ceteris
550 2279 695 2329 poetis
719 2278 990 2321 Graecorum
1021 2281 1233 2321 bucolicis
1266 2293 1379 2333 quae
1413 2283 1454 2322 ei
1486 2285 1720 2324 commoda

212 2345 477 2387 videbantur
515 2348 667 2388 multis
707 2348 816 2389 locis
862 2349 1146 2401 deprompsit.
1207 2350 1345 2402 quue
1379 2352 1475 2401 jam
1517 2352 1720 2394 Servium

205 2413 451 2462 judicasse,
495 2417 579 2455 etsi
615 2429 655 2466 p.
691 2412 747 2456 96
788 2417 853 2457 ed.
884 2418 1006 2457 Lion.
1046 2418 1100 2457 de
1143 2418 1240 2457 sola
1285 2417 1475 2460 Theocriti
1510 2425 1720 2462 manatione

321 2602 354 2646 *)
380 2601 439 2638 De
471 2604 673 2647 fructibus,
712 2605 778 2651 qui
802 2617 847 2641 ex
876 2607 1056 2650 operibus
1089 2612 1287 2653 poetarum
1312 2610 1650 2645 Alexandrinorum
1682 2612 1721 2646 in
1769 2619 1771 2621 ·

212 2661 465 2695 Romanorum
488 2667 665 2705 poemata
689 2664 1009 2705 redundaverunt,
1036 2666 1081 2700 cf.
1105 2666 1341 2712 Bernhardy.
1376 2667 1419 2701 H.
1446 2667 1488 2702 L.
1515 2668 1557 2702 R.
1582 2680 1617 2712 p.
1642 2670 1720 2704 253.

212 2718 281 2755 257
306 2728 389 2763 sqq.
415 2717 473 2753 ed.
498 2718 564 2753 ΠΙ.

303 2777 355 2820 **)
389 2776 531 2811 Nititur
562 2778 657 2813 haec
688 2781 877 2815 sententia
904 2780 997 2815 Plin.
1030 2781 1076 2816 H.
1102 2782 1145 2817 N.
1172 2782 1348 2817 XXVIII.
1373 2786 1414 2824 4,
1448 2783 1512 2818 ubi
1542 2783 1721 2828 Ungerus

215 2842 284 2877 pro
311 2832 488 2868 Catulli
515 2833 757 2872 scribendum
781 2838 929 2883 putavit
954 2837 1097 2874 Calvi.

1429 2900 1445 2934 1
