1911 3215
914 181 969 225 10

195 300 303 340 illud
334 303 435 340 ante
467 301 617 340 omnia
659 300 899 339 tenendum
941 301 1070 349 put0,
1120 298 1206 338 nisi
1252 300 1344 338 tam
1375 297 1507 337 certis
1548 299 1690 350 signis

196 380 406 420 expressa
431 370 589 409 fuisset
610 368 724 420 apud
746 368 915 408 Siculos
936 368 1027 407 vita
1056 367 1299 419 pastoritia,
1329 377 1386 406 ne
1407 367 1692 408 Theocritum

197 438 373 490 quidem
406 439 490 478 sibi
530 441 687 488 poetae
718 437 905 478 bucolici
946 437 1123 477 laudem
1155 438 1511 488 comparaturum
1541 434 1693 477 fuisse.

194 506 259 548 Illi
305 506 423 546 enim
471 507 694 554 homines,
741 516 929 558 quorum
974 506 1111 545 vitam
1157 514 1395 557 moresque
1435 506 1567 556 poeta
1618 504 1693 545 de-

196 575 380 626 scripsit,
411 586 499 616 non
522 575 664 615 solum
696 574 811 615 dulci
842 574 1035 625 syringis
1068 575 1174 616 ssatu
1196 576 1239 614 et
1268 573 1480 625 peculiari
1501 572 1692 614 cantico-

181 632 292 683 rum
325 654 486 693 genere
519 642 866 683 celebratissima
896 642 1162 693 Daphnidis,
1200 642 1450 691 Menalcae,
1482 642 1692 683 Comatae

194 712 373 751 nomina
405 711 736 751 celebraverunt
766 714 810 750 et
841 711 1094 750 certaminis
1125 711 1266 762 pretio
1296 711 1545 761 proprosito
1577 711 1692 750 inter

195 791 242 819 se
274 780 612 827 contenderunt,
658 792 812 819 verum
854 780 986 818 etiam
1026 783 1264 829 praecepta
1294 780 1460 820 rustica
1489 779 1691 819 versibus

194 850 475 888 incluserunt.
522 850 646 898 Quid,
679 849 794 899 quod
827 859 878 887 eo
911 850 1043 888 etiam
1075 852 1276 898 pastores
1309 849 1443 887 Siculi
1474 850 1690 887 honorem

193 929 243 955 ac
275 919 535 967 dignitatem
560 918 706 968 adepti
738 921 849 965 sunt,
883 918 998 969 quod
1030 919 1073 956 in
1097 918 1264 956 Dianae
1296 917 1473 967 templis
1506 927 1691 955 consue-

193 988 249 1024 tis
290 988 466 1035 hymnis
509 988 618 1024 deae
660 988 814 1025 laudes
856 988 1064 1026 extollere
1097 988 1327 1025 solebant?
1387 987 1510 1036 Quae
1552 996 1689 1038 quum

193 1057 254 1095 ita
285 1060 446 1104 essent,
467 1057 701 1095 Theocrito
732 1058 775 1095 id
807 1060 979 1096 tantum
1011 1057 1234 1107 agendum
1267 1059 1371 1103 erat,
1402 1059 1450 1095 ut
1481 1067 1543 1103 ea,
1575 1065 1689 1107 quae

192 1124 368 1163 rudiora
397 1125 630 1175 minusque
654 1125 824 1163 exculta
855 1125 969 1174 apud
991 1125 1200 1174 populum
1226 1125 1321 1172 jam
1345 1124 1587 1171 exstabant,
1620 1134 1690 1162 ex-

190 1192 348 1241 poliret
398 1196 441 1231 et
482 1193 536 1232 ad
582 1193 687 1232 artis
729 1196 963 1242 praecepta
1002 1193 1235 1242 redigeret.
1304 1193 1359 1230 Et
1390 1203 1491 1231 eum
1532 1203 1688 1230 revera

192 1260 421 1309 aptissimo
453 1272 560 1300 suae
591 1262 748 1300 Musae
789 1261 1076 1300 fundamento
1107 1262 1232 1310 poesi
1262 1261 1462 1310 populari
1493 1260 1688 1299 innisum

192 1337 310 1376 esse,
360 1328 549 1378 primum
601 1329 892 1368 creberrimus
950 1328 1144 1368 ostendit
1191 1339 1402 1368 caesurae
1460 1328 1687 1368 bucolicae

190 1405 316 1444 usus,
367 1407 497 1447 quam
550 1408 637 1436 una
687 1408 786 1436 cum
825 1396 1060 1444 vocabulo,
1123 1395 1239 1448 quod
1291 1396 1336 1435 in
1384 1395 1497 1447 pede
1543 1396 1686 1447 primo

188 1465 381 1514 positum
414 1469 518 1514 erat,
549 1467 594 1505 in
624 1466 736 1516 pede
758 1466 910 1518 quinto
942 1466 1181 1515 repetendo
1205 1476 1257 1504 ex
1287 1465 1520 1505 cantilenis
1550 1475 1687 1514 popu-

189 1533 354 1572 laribus
387 1546 412 1573 a
441 1537 574 1583 poeta
613 1535 658 1573 in
691 1534 886 1573 carmina
917 1534 1116 1573 bucolica
1158 1533 1325 1573 illatam
1358 1543 1477 1580 esse,
1517 1533 1686 1582 primus

189 1601 297 1639 scite
339 1602 590 1641 observavit
630 1602 900 1640 Fritzschius
943 1602 1022 1641 1.1.
1063 1614 1100 1651 p.
1132 1597 1207 1649 20,
1248 1603 1375 1651 cujus
1417 1601 1685 1640 sententiam

189 1670 447 1719 approbavit
489 1670 536 1709 G.
568 1672 852 1709 Hermannus
894 1670 946 1709 de
988 1674 1064 1709 art.
1106 1680 1225 1720 poes.
1258 1670 1409 1711 Graec.
1444 1671 1538 1710 buc.
1577 1681 1615 1720 p.
1646 1666 1685 1709 3.

187 1737 311 1775 Adde
344 1749 455 1789 quae
488 1749 627 1788 nuper
657 1739 710 1777 de
742 1739 897 1777 eadem
928 1749 975 1777 re
1007 1738 1115 1777 dixit
1145 1738 1320 1777 Hauler.
1351 1738 1375 1778 l.
1407 1738 1431 1778 1.
1462 1750 1500 1789 p.
1531 1733 1588 1777 48
1609 1748 1684 1790 sq„

189 1806 262 1857 qui
294 1810 453 1854 tamen,
485 1808 527 1846 id
551 1808 666 1859 quod
698 1808 1016 1858 negligendum
1048 1808 1305 1859 neutiquam
1338 1810 1442 1855 erat,
1474 1807 1527 1846 de
1557 1817 1685 1847 voca-

184 1873 276 1915 buli
322 1876 582 1926 repetitione
643 1887 730 1916 non
775 1877 1147 1917 commemoravit.
1217 1877 1367 1927 Ipsum
1428 1875 1684 1925 hujusmodi

187 1942 432 1984 cantilenae
454 1954 631 1984 versum
663 1954 744 1985 nos
775 1944 938 1985 habere
969 1944 1022 1985 id.
1047 1945 1115 1986 IV.
1137 1940 1195 1985 32
1225 1936 1253 1985 ἅ
1278 1955 1324 1985 τε
1344 1937 1543 1998 Κρότωνα
1569 1936 1684 1985 καλὰ

184 2004 301 2058 πόλις
331 2005 358 2051 ἅ
387 2023 432 2052 τε
461 2007 699 2063 Ζάκυνῖςος,
742 2025 1009 2066 quamquam
1048 2014 1175 2054 aliter
1211 2014 1357 2054 visum
1389 2023 1489 2053 esse
1512 2012 1682 2053 Ahren-

184 2079 249 2119 sio
283 2090 305 2119 e
337 2082 618 2130 conjecturiS‚
661 2093 770 2134 quas
802 2083 861 2122 ibi
892 2083 1084 2133 protulit,
1116 2093 1327 2133 apparere
1357 2082 1543 2129 videtur,
1575 2080 1683 2120 mihi

184 2149 361 2199 quidem
405 2152 796 2199 persuasissimum
843 2150 973 2198 est*)‚
1024 2155 1068 2190 et
1112 2154 1196 2191 hoc
1226 2162 1401 2202 quoque
1441 2150 1682 2189 verisimile

182 2220 306 2266 puto,
350 2218 465 2268 quod
506 2220 659 2258 statuit
690 2219 889 2259 Welcker
920 2220 997 2269 Op.
1029 2221 1055 2259 Ι.
1095 2232 1132 2269 p.
1165 2215 1267 2267 200,
1308 2219 1362 2258 id.
1394 2220 1422 2258 Ι.
1454 2231 1491 2258 v,
1526 2214 1608 2258 106
1638 2222 1683 2259 et

183 2285 230 2325 V.
262 2282 317 2325 45
349 2287 483 2326 verba
519 2288 631 2341 τηνεῖ
663 2285 831 2336 (rou-eei)
875 2281 1010 2340 δρύες,
1048 2276 1127 2328 ὧδε
1166 2281 1356 2341 κὺπειρος
1396 2300 1448 2327 ex
1486 2288 1681 2328 carmine

184 2355 382 2404 populari
415 2356 648 2406 desumpta
681 2367 790 2396 esse.
843 2358 952 2396 Item
984 2361 1115 2407 poeta
1146 2369 1172 2396 a
1201 2357 1489 2406 popularibus
1531 2356 1683 2395 didicit

182 2423 265 2464 hoc
296 2425 544 2474 artificium,
576 2437 628 2466 ex
650 2437 735 2478 quo
768 2426 985 2478 quaedam
1009 2430 1125 2467 certe
1157 2426 1353 2467 carmina
1378 2426 1527 2465 addito
1550 2424 1681 2464 modo

182 2493 313 2532 modo
344 2493 508 2533 omisso
542 2495 776 2544 ephymnio
800 2494 866 2543 (cf.
888 2496 1098 2536 Fritzsch.
1119 2509 1156 2546 p.
1177 2492 1234 2535 20
1255 2492 1364 2546 sqq.)
1396 2494 1442 2534 in
1474 2494 1680 2544 strophas

182 2562 416 2610 divideret,
458 2567 505 2602 ut
545 2574 718 2613 semper
758 2565 803 2605 in
841 2566 1109 2605 carminibus
1142 2564 1419 2611 amoebaeis,
1460 2574 1549 2603 non
1581 2574 1679 2603 raro

182 2632 224 2670 in
257 2631 366 2679 aliiS,
397 2634 600 2682 pastores
633 2634 865 2673 sententiis
897 2646 947 2674 ac
979 2637 1194 2685 quantum
1235 2633 1331 2672 fieri
1362 2635 1515 2683 posset
1546 2632 1680 2673 etiam

272 2797 301 2837 *)
327 2797 428 2832 Haec
467 2799 654 2833 sententia
692 2799 722 2832 si
748 2809 838 2833 vera
864 2803 937 2840 est,
975 2800 1164 2844 sequitur,
1203 2801 1244 2833 ut
1280 2799 1318 2834 in
1350 2799 1422 2835 illis
1449 2797 1677 2835 carminibus

184 2854 427 2898 popularibus
465 2866 538 2890 non
577 2856 695 2890 solum
733 2859 971 2897 tetrameter,
1010 2858 1077 2892 sed
1111 2856 1223 2892 etiam
1261 2857 1431 2893 trimeter
1468 2855 1677 2900 dactylicus

184 2912 436 2957 subsequente
462 2913 620 2948 dimetro
646 2916 850 2958 usurpatus
878 2914 936 2949 sit.
