1911 3215
922 137 979 181 84

199 250 439 295 105—111
482 255 792 295 difficillimum
835 258 905 294 est
936 256 1102 295 certius
1145 255 1355 307 quiddam
1392 259 1602 297 statuere.
1662 255 1709 296 Si

196 327 348 364 tamen
387 335 440 363 ex
490 324 678 364 diversis
709 324 941 363 hominum
974 324 1207 364 doctorum
1248 324 1531 374 opinionibus
1572 336 1710 363 unam

197 391 365 442 eligere
396 392 516 442 licet,
548 394 775 444 profiteor,
808 392 853 432 id
883 393 994 432 mihi
1025 393 1217 432 maxime
1248 392 1528 444 probandum
1557 391 1709 441 videri,

197 461 312 512 quod
347 462 621 502 existimavit
653 462 706 501 de
745 462 831 501 hoc
867 462 965 502 loco
997 463 1295 503 Hermannus.
1355 461 1610 502 Arbitratus
1643 463 1712 501 est

195 531 262 569 vir
283 532 495 581 egregius
517 532 693 579 ibidem,
725 534 829 570 ante
850 543 888 571 v,
912 527 996 570 110
1017 532 1130 571 duos
1150 543 1239 571 vss.
1260 531 1488 578 excidisse,
1521 541 1710 582 quorum

198 603 513 650 argumentum
566 611 619 639 ex
661 599 867 650 Odyssea
917 603 1146 650 sumptum
1196 600 1379 651 fuisset3
1429 593 1711 649 Daphnidem

199 669 318 706 enim
351 669 396 706 in
429 669 483 706 iis
515 668 739 706 Venerem
772 668 1062 707 admonuisse
1093 669 1217 716 retis,
1249 669 1295 707 in
1328 678 1414 719 quo
1445 669 1580 707 Marti
1611 678 1711 707 con-

199 736 438 776 cubantem
470 736 700 775 Vulcanus
750 736 860 776 risui
910 736 1095 776 deorum
1145 737 1439 786 exposuisset.
1500 736 1630 786 Quod
1672 736 1710 775 si

197 815 354 843 verum
386 809 471 852 est,
511 804 622 843 duas
655 805 765 844 alias
798 805 1005 854 strophas
1038 808 1359 856 quaternorum
1389 816 1601 845 versuum
1632 805 1709 843 ha-

196 873 367 913 bemus.
409 873 537 923 Quod
569 874 689 913 idem
720 875 904 925 putavit,
934 885 1093 914 versus
1114 870 1171 914 64
1193 878 1237 914 et
1257 870 1313 914 65
1344 875 1522 914 inverso
1554 873 1709 914 ordine

196 942 428 993 ponendos
461 952 582 991 esse,
624 946 673 981 ut
705 943 907 993 Thyrsis,
949 947 1190 995 antequam
1234 954 1413 984 carmen
1461 954 1592 984 suum
1641 953 1710 983 ca-

197 1015 342 1060 neret,
384 1012 469 1051 hoc
500 1011 634 1051 fuerit
664 1012 914 1063 praefatus:
948 1006 1099 1066 Θύρσις
1125 1005 1189 1052 ‘65'
1235 1005 1292 1062 ὥξ
1322 1008 1474 1061 Αἴτνας
1503 1006 1578 1053 καὶ
1607 1004 1709 1064 etp-

197 1079 308 1127 σιδος
336 1073 400 1119 ἅδ’
439 1072 468 1120 ἁ
498 1074 634 1132 φωνά,
676 1082 739 1120 ita
778 1082 1090 1121 invertendum
1123 1082 1296 1131 opinor,
1338 1085 1388 1120 ut
1418 1081 1709 1132 ephymnium

198 1149 457 1197 delendum,
498 1149 789 1188 nihilominus
821 1154 972 1189 tamen
1003 1160 1183 1189 versum
1223 1146 1279 1188 65
1319 1161 1398 1200 pro
1434 1149 1709 1200 praefatione

197 1218 335 1257 totius
369 1218 618 1257 cantilenae
651 1218 907 1258 habendum
939 1228 1040 1258 esse
1073 1229 1293 1258 censeam.
1355 1218 1401 1258 Si
1433 1218 1624 1269 denique
1657 1228 1710 1256 ex

197 1286 400 1335 ejusdem
423 1287 648 1325 sententia
669 1298 824 1326 versus
846 1282 1018 1325 66—69
1048 1287 1278 1337 proodum,
1305 1297 1463 1326 versus
1484 1280 1710 1325 136—139

198 1356 388 1408 epodum
413 1356 622 1395 carminis
646 1357 916 1397 constituere
937 1357 1154 1405 volumus,
1175 1357 1458 1407 stropharum
1489 1355 1708 1396 rationem

195 1425 394 1464 numeris
426 1425 490 1463 ita
521 1425 772 1464 describere
804 1426 928 1464 licet:
999 1458 1004 1460 ,

197 1494 267 1534 IV.
294 1489 300 1546 Ι
328 1494 479 1533 .11.11.
510 1494 601 1533 VII.
634 1494 725 1533 VII.
759 1488 765 1544 Ι
805 1494 875 1533 IV.
908 1494 979 1533 IV.
1011 1493 1082 1533 IV.
1114 1493 1185 1533 IV.
1214 1487 1218 1545 Ι
1246 1494 1317 1534 IV.
1348 1494 1420 1535 IV.
1451 1494 1501 1533 V.
1525 1494 1575 1533 V.
1603 1487 1608 1545 Ι
1636 1492 1707 1533 IV.

195 1563 348 1615 Neque
372 1563 490 1601 enim
522 1566 734 1613 repugno,
758 1563 997 1614 quominus
1031 1566 1123 1601 tres
1146 1563 1355 1603 carminis
1386 1566 1535 1612 partes
1567 1562 1706 1601 fuisse

195 1635 422 1682 putentur,
461 1631 566 1669 dum
598 1641 654 1669 ne
687 1630 936 1679 existimes,
979 1640 1056 1670 eas
1089 1630 1277 1671 diversis
1310 1630 1562 1682 ephymniis
1592 1630 1709 1670 inter

196 1712 244 1741 se
277 1701 524 1749 disiunctas
555 1700 707 1739 fuisse.
759 1700 969 1739 Ahrensii
1001 1701 1237 1748 sententia,
1269 1712 1404 1751 quam
1434 1701 1477 1738 in
1512 1700 1707 1739 editione

192 1769 442 1821 proposuit,
496 1769 606 1808 mihi
657 1768 850 1808 maxime
897 1771 1132 1819 propterea
1182 1768 1474 1819 improbanda
1523 1768 1709 1816 videtur,

195 1839 313 1892 quod
343 1848 430 1878 vss.
464 1833 692 1877 113—-116
734 1836 794 1886 (in
828 1839 924 1886 ejus
967 1838 1032 1878 ed.
1066 1834 1308 1885 103—106)
1342 1838 1566 1877 secundae
1595 1838 1711 1887 parti

195 1907 442 1957 adscripsit.

310 1978 435 2026 Quae
459 1976 685 2025 disputata
707 1978 811 2013 sunt
835 1987 863 2013 a
883 1986 954 2014 me
978 1976 1032 2014 de
1053 1975 1301 2025 Daphnidis
1332 1975 1482 2014 fabula
1501 1975 1708 2014 Theocri-

194 2050 287 2093 tea,
319 2045 462 2085 fulciri
495 2044 835 2095 confirmarique
866 2044 1075 2083 videntur
1106 2044 1279 2083 duabus
1308 2044 1497 2094 Vergilii
1529 2043 1709 2093 eclogis,

196 2117 342 2156 decima
385 2118 429 2153 et
470 2121 623 2154 octava.
693 2112 863 2153 Ansam
906 2113 1090 2163 eclogae
1131 2113 1331 2152 decimae
1373 2112 1706 2164 componendae

196 2184 397 2234 Vergilio
441 2183 562 2221 dedit
602 2182 834 2232 Lycoridis
876 2182 1071 2231 perfidia.
1141 2182 1265 2221 Haec
1307 2182 1543 2221 crudeliter
1584 2182 1709 2221 dese-

199 2256 350 2292 ruerat
382 2252 577 2291 amicum
608 2254 767 2302 poetae
800 2250 1053 2290 Cornelium
1086 2249 1280 2300 Gallum3
1313 2262 1419 2290 nam
1451 2262 1587 2302 quum
1618 2251 1713 2301 ipse

199 2323 310 2361 duce
343 2321 588 2360 Octaviano
621 2321 675 2358 ad
720 2321 888 2359 classes
920 2320 1216 2368 Pompejanas
1258 2331 1284 2358 a
1323 2320 1526 2358 litoribus
1557 2319 1711 2357 Italiae

196 2390 412 2430 arcendas
445 2389 488 2426 in
528 2389 663 2427 armis
696 2392 836 2436 esset,
879 2388 1074 2438 aliquem
1105 2388 1293 2426 militem
1334 2398 1387 2426 ex
1429 2397 1482 2425 eo
1514 2386 1709 2424 exercitu

196 2461 351 2499 secuta
394 2460 508 2504 erat,
561 2467 693 2508 quem
733 2457 934 2507 Agrippa
974 2456 1020 2495 in
1053 2454 1243 2495 Galliam
1285 2455 1486 2496 ducebat.
1546 2454 1706 2495 Dolore

195 2537 439 2579 oppressus
482 2526 636 2566 Gallus
687 2527 880 2565 amicum
928 2529 1147 2572 oraverat,
1195 2528 1242 2563 ut
1286 2525 1555 2575 aegritudini
1599 2535 1707 2563 suae

194 2597 390 2637 carmine
422 2594 654 2646 pastoritio
687 2595 955 2634 subveniret.
1011 2594 1107 2633 Hoc
1139 2604 1277 2633 unum
1310 2593 1518 2646 colligere
1550 2593 1654 2634 licet
1684 2603 1708 2633 e

193 2680 231 2709 v.
262 2665 306 2707 3:
349 2666 582 2716 „Carmina
614 2669 719 2704 sunt
751 2665 954 2704 dicenda:
996 2668 1134 2714 neget
1176 2664 1274 2715 quis
1306 2665 1503 2704 carmina
1535 2660 1710 2702 Gallo?“

194 2736 389 2783 minime,
437 2734 556 2786 quod
588 2732 780 2773 Vossius
816 2732 1011 2782 Martyni
1051 2731 1221 2781 judicio
1253 2732 1494 2772 obsecutus
1541 2730 1710 2779 statuit,

195 2805 372 2844 Gallum
405 2803 645 2854 aliquando
687 2814 713 2841 a
744 2801 945 2851 Vergilio
975 2801 1164 2850 petisse,
1207 2805 1254 2839 ut
1284 2801 1484 2851 idyllium
1516 2801 1708 2849 primum

195 2872 419 2910 Theocriti
450 2871 668 2910 imitando
691 2870 967 2920 exprimeret.
1007 2869 1119 2907 Nam
1152 2868 1235 2909 hoc
1258 2872 1306 2908 ut
1335 2870 1380 2908 in
1411 2871 1536 2918 parte
1565 2867 1710 2917 prima
