1911 3215
852 104 908 150 21

129 225 242 267 falso
278 225 540 275 Maecenas,
590 225 635 265 in
677 223 899 265 Servianis
942 221 998 262 ad
1044 221 1121 261 ecl.
1162 221 1210 260 ΙΙ.
1255 216 1276 259 1
1317 219 1429 260 falso
1472 219 1635 259 Caesar

128 294 266 336 fuisse
298 295 467 335 dicitur.
516 294 635 334 Nihil
667 293 761 333 erui
790 293 938 342 potest
969 302 1023 330 ex
1054 289 1132 330 ecl.
1166 289 1214 327 ΙΙ.
1248 285 1302 327 14
1333 299 1406 339 sq„
1439 288 1634 339 quando-

130 364 307 417 quidem
353 374 466 415 quae
512 363 572 402 ibi
616 363 827 412 leguntur
870 360 1046 409 poetica
1091 357 1283 410 quadam
1331 357 1501 396 ratione
1532 357 1636 396 ficta

133 442 233 473 esse
262 433 471 483 possunt,
513 430 606 471 erui
635 431 784 481 potest
824 427 988 480 aliquid
1031 438 1084 466 ex
1123 426 1199 465 ecl.
1231 425 1299 464 III.
1331 420 1387 464 76
1418 435 1508 477 sqq.
1569 425 1635 465 Ibi

128 503 272 543 Jollae
304 500 483 546 nomine
525 501 774 550 permotus,
824 496 941 548 quod
985 499 1162 546 praeter
1201 495 1321 534 hunc
1368 493 1514 533 locum
1545 505 1635 534 non

127 569 290 621 legitur
318 568 406 608 nisi
438 567 513 607 661.
544 568 593 608 ΙΙ.
625 562 700 616 57,
742 566 817 606 ubi
847 564 986 605 Pollio
1018 567 1134 604 tecte
1164 565 1354 609 notatur,
1385 562 1634 612 Phyllidem

128 638 340 678 Pollionis
372 647 547 676 servam
578 636 790 685 intelligo,
821 647 847 674 a
867 634 1067 683 Vergilio
1100 636 1295 672 amatam
1316 642 1463 682 neque
1496 631 1550 670 de
1581 632 1636 670 ri-

128 706 240 747 valis
272 706 504 756 eujusdam
548 704 751 745 irrisione
783 702 951 755 cogito,
995 701 1074 742 sed
1104 700 1262 741 festive
1295 710 1548 739 sermonem
1580 699 1636 739 ad

128 776 373 816 Pollionem
413 786 619 815 aversum
658 777 785 824 puto,
826 785 852 813 a
884 784 970 823 quo
1010 774 1143 822 poeta
1181 773 1411 821 pastorum
1452 770 1635 809 alternis

130 845 394 885 certantium
424 843 573 883 verbis
604 842 798 893 puellam
841 840 997 881 eodem
1039 839 1172 879 modo
1210 838 1449 889 impetrare
1486 838 1636 887 voluit,

129 925 214 966 quo
238 912 479 953 eorundem
508 921 712 951 sermone
734 905 790 950 84
812 921 904 961 sqq.
943 908 1187 948 Pollionem
1218 907 1425 954 laudavit,
1448 907 1634 946 Bavium

131 985 174 1024 et
217 980 445 1021 Maevium
493 978 738 1028 castigavit.
808 978 863 1016 Et
906 977 1050 1027 potuit
1095 986 1203 1014 sane
1248 975 1360 1014 haec
1407 984 1506 1014 esse
1562 976 1637 1014 illa

128 1049 258 1089 Leria
287 1048 359 1087 vel
389 1047 558 1096 Hieria,
599 1059 732 1099 quam
764 1045 944 1086 Servius
975 1044 1250 1085 Maecenatis
1282 1043 1477 1094 puellam
1507 1056 1637 1084 voca-

128 1118 192 1156 vit
237 1117 400 1168 aliique
444 1116 730 1166 Amaryllidis
776 1114 956 1154 nomine
1001 1114 1186 1153 indicari
1233 1113 1447 1152 dixerunt.
1508 1114 1637 1162 Quod

129 1188 261 1236 poeta
291 1196 328 1224 V.
360 1179 417 1224 84
448 1195 540 1236 sqq.
598 1169 843 1223 Pollionem
883 1193 990 1221 vero
1029 1182 1210 1233 nomine
1242 1180 1503 1231 appellavit,
1547 1193 1637 1222 non

130 1254 345 1300 obstabat,
369 1253 604 1304 quominus
636 1253 681 1291 in
711 1253 795 1291 hac
826 1263 873 1290 re
896 1252 1112 1290 amatoria
1140 1252 1241 1288 ficto
1273 1253 1482 1288 uteretur.
1522 1252 1637 1290 Huic

128 1321 325 1373 opinioni
356 1332 409 1360 ex
440 1321 538 1360 aliis
571 1330 746 1373 quoque
776 1319 910 1360 rebus
950 1318 1239 1369 probabilitas
1272 1317 1484 1358 accedere
1515 1319 1636 1359 vide·

128 1393 209 1429 tur.
249 1390 313 1428 Ea
333 1389 474 1438 repeti
495 1390 643 1437 potest
665 1399 689 1426 e
710 1399 748 1425 v.
768 1382 825 1425 84
843 1398 917 1438 sq,
939 1387 1015 1425 ubi
1035 1390 1168 1435 poeta
1188 1387 1433 1425 Damoetae
1454 1388 1636 1427 nomine

130 1468 178 1498 se
209 1458 356 1508 ipsum
389 1456 631 1507 significat,
673 1458 717 1495 et
747 1466 770 1495 e
800 1466 839 1495 v.
873 1450 974 1504 107,
1006 1455 1082 1494 ubi
1112 1454 1342 1493 Menalcas
1372 1455 1638 1496 Damoetam

128 1525 331 1575 Phyllida
371 1524 515 1564 solum
555 1524 721 1563 habere
756 1523 895 1572 jubet.
963 1523 1091 1561 Adde
1130 1523 1247 1573 quod
1290 1523 1366 1561 ecl.
1396 1524 1447 1563 V.
1490 1520 1544 1562 10
1575 1535 1637 1576 sq.

127 1594 295 1644 Phyllis
344 1606 433 1633 una
483 1605 583 1633 cum
616 1592 783 1632 Alcone
834 1595 879 1632 et
922 1592 1063 1632 Codro
1110 1591 1350 1642 profertur,
1401 1604 1425 1630 e
1477 1593 1637 1644 quibus

127 1662 346 1712 posterior
376 1664 494 1700 certe
524 1672 629 1700 vere
659 1661 825 1700 vixisse
856 1661 1041 1700 videtur.
1102 1661 1226 1709 Quae
1269 1660 1305 1698 si
1337 1663 1457 1698 recte
1490 1661 1639 1711 dispu-

128 1729 238 1777 tavi,
295 1729 428 1769 etiam
481 1729 557 1769 ecl.
598 1728 689 1768 V11.
730 1724 787 1767 57
829 1739 921 1781 sqq.
973 1729 1026 1768 de
1077 1729 1234 1768 eadem
1282 1731 1443 1778 poetae
1494 1729 1638 1769 amica

129 1798 415 1848 cogitandum
448 1800 527 1836 est.
566 1797 681 1835 Num
714 1797 855 1835 Cebes
887 1808 914 1835 a
943 1801 1077 1846 poeta
1108 1797 1153 1836 in
1186 1797 1354 1846 eclogis
1387 1797 1638 1837 celebratus

128 1865 195 1913 sit,
227 1865 273 1904 in
294 1864 442 1903 medio
474 1864 686 1915 relinquo.
726 1864 875 1903 Potuit
900 1874 1003 1903 eum
1025 1864 1100 1904 illo
1132 1864 1229 1915 ipso
1251 1864 1434 1903 Alconis
1457 1865 1639 1904 nomine

131 1933 405 1983 significare,
439 1943 571 1983 quem
600 1932 799 1980 Ursinus,
842 1933 1004 1972 Culicis
1038 1944 1076 1972 v.
1106 1928 1163 1972 66
1193 1935 1439 1983 permotus,
1472 1937 1640 1973 statua-

127 2001 240 2041 rium
273 2011 374 2041 esse
404 2000 597 2051 putavit,
638 2000 693 2039 ad
726 2010 857 2052 quem
894 2012 932 2041 v.
965 2000 1015 2039 cf.
1058 2011 1171 2052 quae
1214 2000 1489 2051 scripserunt
1519 2002 1640 2052 Hey-

126 2070 227 2109 nius
269 2073 313 2109 et
351 2069 560 2120 Silligius.
621 2069 870 2119 Quominus
912 2080 1014 2108 eum
1056 2069 1137 2109 sub
1176 2068 1416 2120 Antigenis
1457 2070 1639 2109 nomine

129 2137 205 2176 ecl.
236 2137 288 2177 V.
318 2132 375 2177 88
406 2149 467 2189 sq.
512 2138 651 2177 latere
697 2137 967 2186 existimem,
1017 2138 1257 2188 prohibent
1302 2149 1417 2189 quae
1458 2137 1639 2177 Servius

129 2204 236 2244 dixit
276 2205 434 2244 eodem
474 2206 571 2245 loco
613 2206 709 2246 coll.
739 2206 896 2246 Donat.
927 2206 1000 2247 vit.
1031 2207 1083 2247 V.
1114 2202 1180 2246 20.
1240 2207 1305 2245 De
1347 2206 1554 2245 laudibus
1595 2210 1639 2246 et

129 2273 430 2314 notationibus
460 2273 531 2313 vel
562 2274 727 2324 apertis
748 2275 819 2313 vel
849 2276 980 2315 tectis
1011 2276 1124 2315 haec
1154 2274 1246 2314 fere
1278 2275 1639 2314 memorabiliora

129 2345 243 2381 sunt.
302 2342 468 2392 Aperte
498 2341 705 2380 laudatus
737 2344 805 2380 est
835 2354 862 2380 a
897 2346 1030 2392 poeta
1060 2343 1199 2382 Pollio
1234 2343 1310 2382 ecl.
1343 2344 1411 2382 III.
1444 2338 1501 2382 84
1534 2355 1639 2395 sqq,

130 2410 285 2451 Gallus
330 2410 406 2450 661.
436 2410 508 2450 VI.
553 2405 609 2449 64
640 2421 749 2462 sqq,
780 2410 943 2449 Varius
992 2414 1036 2450 et
1068 2411 1207 2451 Cinna
1256 2412 1332 2451 ecl.
1364 2412 1432 2451 IX.
1464 2407 1519 2450 35
1570 2411 1637 2460 (cf.

126 2480 486 2529 Weichert.poet.
506 2479 580 2519 lat.
599 2480 674 2519 rel.
690 2492 728 2529 p.
742 2474 824 2517 158
836 2477 927 2530 sq),
952 2480 1133 2527 Codrus,
1157 2490 1356 2530 graecuS‚
1379 2485 1427 2518 ut
1448 2481 1636 2527 videtur,

130 2546 226 2595 ejus
258 2547 418 2586 aetatis
448 2550 581 2597 poeta
611 2547 849 2594 bucolicus,
882 2548 958 2588 ecl.
979 2548 1031 2588 V.
1066 2545 1117 2588 11
1151 2552 1195 2588 et
1225 2549 1317 2588 VII.
1348 2544 1400 2588 21
1426 2558 1528 2600 sqq,
1561 2548 1639 2587 ubi

130 2625 265 2666 quum
297 2615 500 2664 Corydon
540 2620 698 2665 poetae
735 2625 974 2667 personam
1017 2618 1257 2664 sustineat,
1299 2629 1387 2655 non
1421 2621 1489 2655 est
1520 2617 1639 2668 quod

128 2682 339 2723 miremur
369 2693 431 2727 ea,
464 2694 577 2735 quae
607 2695 646 2725 v.
676 2679 730 2725 25
763 2694 854 2737 sqq.
888 2684 1104 2726 dicuntur.
1153 2686 1265 2726 Nam
1296 2696 1401 2724 vera
1431 2684 1641 2726 videntur

129 2764 248 2804 quae
299 2751 352 2791 de
400 2753 486 2792 hoc
532 2757 667 2803 poeta
715 2753 926 2804 disseruit
962 2756 1167 2806 Ungerus
1218 2755 1271 2793 de
1310 2755 1351 2794 C.
1383 2755 1511 2805 Valg.
1543 2755 1640 2796 Ruf.

127 2825 317 2870 poemat.
347 2821 402 2861 iis
431 2821 561 2869 locis,
603 2833 714 2873 quos
755 2810 851 2872 ipse
891 2823 935 2862 in
968 2835 1118 2863 rerum
1148 2823 1292 2862 indice
1336 2833 1367 2862 s.
1398 2834 1437 2862 V.
1470 2823 1641 2863 Codrus
