1911 3215
220 1028 394 1079 putanti
431 1027 559 1077 mihi,
609 1038 741 1080 quam
781 1026 970 1066 libenter
999 1026 1074 1065 Tu
1113 1026 1295 1077 linguae
1327 1024 1523 1066 Graecae
1566 1025 1715 1066 studia

225 1131 324 1159 cum
365 1120 503 1159 literis
535 1107 703 1158 Latinis
744 1119 1059 1168 conjungeres,
1109 1118 1274 1168 placuit
1304 1118 1492 1156 Tecum
1522 1129 1716 1157 commu-

223 1211 369 1250 nicare
408 1210 597 1261 primum
638 1210 861 1260 specimen
894 1210 989 1258 ejus
1022 1210 1315 1261 quaestioniS‚
1361 1221 1493 1261 quam
1525 1210 1578 1249 de
1608 1210 1716 1249 Ver-

222 1301 396 1352 gilianis
409 1300 629 1340 Theocriti
645 1300 831 1351 ejusque
846 1299 1121 1339 aemulorum
1137 1299 1460 1338 imitationibus
1482 1299 1716 1340 instituere

215 1392 383 1440 jamdiu
416 1392 612 1430 animum
642 1390 912 1429 induxeram.
961 1390 1089 1439 Quod
1120 1390 1158 1428 si
1190 1390 1378 1441 quaeris,
1409 1400 1523 1440 quae
1554 1401 1717 1430 causae

220 1492 291 1521 me
323 1481 600 1528 adduxerint,
649 1484 697 1520 ut
727 1480 811 1519 hoc
851 1480 1081 1531 negotium
1112 1480 1157 1519 in
1188 1490 1259 1519 me
1291 1479 1585 1531 susciperem,
1636 1491 1717 1521 eae

218 1573 368 1622 plures
405 1572 594 1611 fuerunt.
652 1572 776 1611 Licet
815 1571 933 1610 enim
971 1582 1061 1610 non
1108 1571 1253 1610 solum
1293 1582 1347 1610 ex
1388 1572 1718 1621 comparatione

215 1661 374 1699 horum
404 1663 655 1710 poetarum,
689 1671 876 1710 quorum
907 1670 1042 1710 opera
1073 1661 1408 1710 angustioribus
1439 1661 1604 1700 finibus
1636 1662 1716 1700 cir-

213 1751 478 1800 cumscripta
509 1754 623 1799 sunt,
655 1750 905 1791 accuratius
930 1747 1190 1799 ostendere,
1233 1761 1452 1803 quaenam
1484 1751 1716 1803 utriusque

207 1841 388 1892 linguae
436 1841 610 1882 indoles
653 1841 805 1891 fuerit,
855 1842 933 1882 sed
981 1842 1158 1882 videtur
1197 1843 1333 1882 eti-am
1373 1843 1483 1883 haec
1513 1844 1719 1895 quaestio

203 1935 438 1983 propterea
470 1933 710 1973 utilissima
741 1944 854 1981 esse,
888 1933 1016 1985 quod,
1047 1933 1181 1973 modo
1211 1937 1332 1974 recte
1364 1934 1409 1973 in
1439 1945 1493 1973 ea
1512 1935 1717 1982 verseris,

202 2026 247 2063 et
289 2024 646 2074 interpretationi
688 2028 732 2064 et
770 2024 835 2063 rei
872 2024 1051 2064 criticae
1090 2023 1355 2074 saepissime
1385 2024 1490 2064 inde
1521 2025 1719 2064 succurri

201 2118 363 2165 potest.
424 2115 555 2164 Quod
586 2126 857 2167 quamquam
882 2116 977 2164 jam
1008 2115 1180 2165 pridem
1212 2115 1267 2154 ab
1295 2115 1552 2155 hominibus
1575 2116 1716 2156 doctis

204 2206 565 2246 animadversum
598 2209 677 2253 est,
708 2211 858 2245 tamen
890 2207 953 2245 illi
984 2217 1151 2256 magna
1178 2217 1231 2245 ex
1258 2210 1384 2256 parte
1414 2207 1523 2246 satis
1552 2207 1716 2247 habue-

202 2299 317 2344 runt,
349 2296 539 2348 singulis
570 2296 705 2338 innisi
736 2296 1060 2337 imitationibus
1093 2295 1244 2338 statim
1276 2296 1331 2337 ad
1360 2296 1650 2349 corrigendos
1671 2299 1718 2337 et

206 2387 431 2425 Theocriti
462 2390 507 2425 et
539 2387 722 2437 Vergilii
753 2388 876 2427 locos
916 2388 1149 2427 accedere:
1193 2388 1473 2438 collegerunt
1513 2397 1591 2424 eas
1621 2387 1716 2425 imi-

208 2477 402 2516 tationes
424 2477 619 2515 Ursinus
649 2478 695 2516 in
725 2479 858 2524 libr0‚
899 2480 1028 2526 cujus
1069 2478 1228 2517 titulus
1260 2481 1330 2516 est
1359 2477 1599 2526 „Virgilius
1631 2457 1737 2517 col--

209 2568 378 2607 latione
409 2567 674 2616 scriptorum
696 2567 967 2607 Graecorum
998 2565 1281 2613 illustratus“‚
1313 2570 1358 2605 et
1388 2566 1639 2616 Stephanus
1671 2570 1716 2610 in

212 2656 599 2697 observationibus
631 2656 676 2695 in
698 2655 969 2706 Virgilianas
1001 2660 1047 2697 et
1064 2656 1347 2697 Nasonianas
1367 2655 1592 2699 Theocriti
1620 2660 1717 2700 imi-

214 2746 419 2786 tationes.
478 2746 591 2786 Mihi
621 2755 739 2792 vero,
772 2755 909 2796 quum
938 2746 1131 2796 primum
1162 2756 1234 2785 me
1265 2745 1321 2784 ad
1351 2745 1465 2786 hanc
1497 2750 1716 2800 quaestio-

212 2845 317 2873 nem
347 2834 538 2882 accinxi,
589 2835 676 2874 duo
715 2833 861 2873 adhuc
897 2835 1026 2873 valde
1057 2833 1300 2874 desiderari
1327 2836 1425 2876 visa
1455 2841 1577 2886 sunt,
1624 2840 1718 2883 dili-
