1911 3215
903 105 960 149 50

185 237 306 275 sura,
355 237 443 265 non
494 229 645 264 tamen
696 221 898 272 dactylo).
956 204 1014 260 36
1054 218 1240 268 (Mosch.
1281 221 1352 260 III.
1389 216 1590 268 31—34).
1635 216 1694 259 49

189 293 234 342 (Ι.
256 291 311 342 3).
343 289 400 332 50
420 291 529 339 (VII.
550 288 617 332 50.
637 288 703 331 51.
733 290 954 340 posterior
984 297 1180 336 caesura,
1209 298 1299 327 non
1331 288 1507 338 dactylo
1537 285 1695 335 vacat).

186 358 239 402 61
274 361 319 410 (Ι.
349 357 417 402 50.
450 362 548 401 dico
589 361 850 410 scripturam
890 353 1103 410 τεύχοισα,
1143 367 1257 409 quae
1287 357 1392 397 hinc
1431 360 1476 397 et
1504 356 1696 408 Alciphr.

185 431 254 470 ΙΙΙ.
276 427 343 478 21,
376 441 509 482 quem
540 430 685 468 locum
716 428 915 467 laudavit
946 426 1143 477 Toupius
1174 425 1385 473 Addend„
1417 425 1697 465 defendenda

188 497 285 546 est).
344 494 411 538 67.
442 493 499 537 68
531 496 596 544 (V.
628 492 693 535 54.
725 491 792 535 59.
832 483 871 535 v.
902 492 956 533 53
999 498 1043 534 et
1082 490 1139 533 58
1179 506 1203 533 e
1243 494 1555 534 concinnitatis
1594 494 1697 545 lege

186 567 354 607 omissa
388 569 456 605 est
486 562 700 612 caesura).
757 560 812 603 73
846 562 954 612 (VII.
986 560 1052 603 71.
1083 560 1167 611 72).
1199 558 1254 603 85
1287 561 1395 612 (VII.
1424 558 1509 611 43).
1541 558 1597 603 87
1629 561 1696 611 (cf.

187 636 264 674 ecl.
295 636 364 674 III.
397 631 449 680 1).
511 633 588 673 Ecl.
626 631 684 671 VI.
715 629 772 671 30
810 631 995 680 (Mosch.
1027 633 1096 672 III.
1133 628 1317 672 89—91.
1346 643 1384 672 v.
1415 627 1473 671 89
1511 642 1699 672 caesura

187 701 335 750 caret).
374 701 453 742 Ecl.
480 699 563 741 VII.
588 698 622 742 1.
649 698 678 740 4
710 700 796 750 (VI.
832 697 902 741 1-
914 697 953 749 4,
985 711 1010 740 e
1042 701 1202 753 quibus
1234 704 1355 741 caret
1386 711 1571 741 caesura
1599 712 1637 741 v.
1659 696 1698 741 3.

186 773 295 810 VIII.
327 769 364 811 3.
394 768 451 818 4).
483 767 510 809 7
542 771 668 818 (VIII.
699 766 784 817 49).
815 765 852 809 8.
884 766 911 808 9
943 769 1010 817 (V.
1031 765 1099 809 66.
1128 765 1213 817 67).
1246 765 1301 809 18
1332 768 1461 817 (VIII.
1480 766 1548 810 31.
1579 771 1697 808 huno

185 851 364 879 versum
391 841 484 888 jam
518 840 764 889 Vergilium
797 839 985 888 legisse,
1024 841 1194 877 certum
1227 836 1322 884 est).
1383 834 1449 878 21.
1479 834 1536 878 22
1568 836 1696 886 (VIII.

184 904 260 947 33..
280 903 347 946 35.
378 903 443 946 37.
475 903 559 954 39).
605 903 671 947 29.
702 903 769 946 35.
800 902 857 945 36
889 905 952 954 (Χ.
983 902 1164 954 32-35,
1196 917 1221 946 e
1254 906 1414 957 quibus
1445 918 1482 946 v.
1513 901 1569 945 35
1601 916 1698 945 cae-

186 987 289 1016 sura
320 979 449 1024 caret,
480 987 562 1016 nec
593 978 744 1017 tamen
776 975 961 1026 dactylo.
991 987 1055 1027 ep.
1077 975 1147 1016 IV.
1172 970 1235 1015 15.
1260 971 1314 1015 17
1333 977 1513 1026 propter
1535 974 1697 1026 duplex

185 1032 421 1092 votum*)).
462 1042 518 1083 37
551 1044 634 1093 (XI.
659 1042 836 1085 19—-21,
871 1041 925 1084 19
956 1049 1001 1084 et
1030 1041 1087 1085 20
1119 1048 1236 1084 certe
1268 1045 1468 1095 dactylos
1498 1041 1694 1091 habent).

183 1109 249 1153 46.
294 1110 352 1152 47
403 1112 528 1161 (VIII.
574 1110 641 1154 37.
669 1110 754 1161 39).
814 1110 880 1154 54.
923 1109 989 1154 57.
1020 1109 1075 1152 59
1130 1112 1258 1162 (VIII.
1294 1108 1362 1154 45.
1398 1110 1484 1161 47).
1543 1107 1610 1152 65.
1640 1106 1697 1151 68

185 1181 352 1229 (XVIII.
398 1179 465 1222 29.
516 1178 600 1229 30).
660 1182 738 1222 Ecl.
775 1181 879 1221 VIII.
911 1179 948 1222 7.
979 1178 1017 1223 8.
1048 1178 1086 1222 9.
1135 1178 1199 1223 10.
1232 1178 1297 1222 11‘.
1329 1179 1392 1221 12.
1426 1178 1478 1220 13
1527 1179 1572 1228 (1.
1604 1177 1698 1220 121.

189 1246 283 1289 122.
312 1250 404 1290 VII.
427 1245 481 1288 63
505 1260 596 1301 sqq.
628 1251 758 1290 XVII.
784 1247 818 1290 1.
850 1260 1006 1289 omnes
1038 1250 1085 1289 hi
1114 1260 1273 1289 versus
1294 1249 1495 1301 Vergilio
1525 1250 1570 1288 in
1603 1259 1699 1288 cae-

185 1329 288 1357 sura
331 1319 508 1367 septies,
550 1319 666 1369 quod
708 1322 864 1358 notatu
904 1319 1096 1357 maxime
1129 1319 1313 1369 dignum
1356 1322 1445 1365 est,
1485 1311 1699 1367 usurpata

186 1389 288 1424 ante
321 1387 473 1425 oculos
495 1387 662 1425 versati
694 1390 808 1435 sunt,
841 1398 1112 1438 quamquam
1143 1386 1373 1425 fatendum
1400 1389 1478 1433 est,
1511 1396 1610 1424 eam
1642 1385 1696 1423 de

186 1454 406 1494 industria
437 1455 508 1494 hic
541 1455 784 1495 admissam
816 1466 935 1503 esse,
978 1458 1026 1494 ut
1057 1455 1262 1495 alacritas
1294 1454 1483 1494 orationi
1515 1453 1697 1494 addere-

184 1521 285 1570 tur).
315 1520 366 1562 41
394 1523 458 1571 (ΙΙ.
481 1519 546 1563 82.
577 1525 647 1562 III.
669 1521 754 1571 42).
774 1520 777 1522 ’
796 1520 860 1563 52.
883 1518 940 1562 58
961 1522 1006 1571 (Ι.
1030 1520 1266 1564 132-134,
1298 1527 1450 1563 carent
1470 1535 1523 1562 ea
1552 1534 1590 1563 V.
1614 1519 1698 1562 130

184 1595 228 1630 et
251 1588 341 1640 131,
375 1595 423 1631 ut
454 1592 570 1642 apud
600 1592 732 1642 Verg.
756 1587 955 1639 53—56).
976 1587 1043 1632 62.
1074 1587 1129 1631 63
1162 1589 1226 1640 (X.
1254 1587 1319 1632 24.
1351 1587 1435 1639 25).
1466 1587 1522 1631 67
1554 1589 1609 1639 (ΙΙ
1639 1591 1694 1631 ab

182 1658 336 1707 initio).
396 1655 452 1698 89
486 1659 550 1707 (ΙΙ.
580 1657 762 1708 43—51,
807 1673 830 1699 e
864 1661 1024 1712 quibus
1056 1665 1208 1700 carent
1240 1671 1426 1700 caesura
1454 1657 1512 1700 46
1543 1664 1587 1700 et
1616 1657 1694 1710 513

182 1739 284 1766 nam
326 1728 410 1767 etsi
452 1729 671 1778 expressit
708 1729 894 1768 Varium
937 1729 991 1768 de
1032 1732 1174 1768 morte
1217 1729 1463 1768 secundum
1501 1728 1696 1769 Macrob.

183 1796 354 1835 Saturn.
388 1797 456 1835 VI.
484 1793 521 1836 2.
552 1793 619 1844 20,
652 1801 802 1836 tamen
835 1798 1161 1836 sententiarum
1194 1798 1485 1837 conformatio
1517 1800 1695 1848 sumpta

183 1875 209 1902 a
238 1862 502 1911 Theocrito).
550 1861 615 1903 91.
647 1861 703 1904 92
750 1863 816 1913 (II.
847 1862 913 1905 53.
945 1861 1011 1904 59.
1043 1860 1129 1912 60).
1160 1860 1215 1903 95
1262 1863 1326 1913 (ΙΙ.
1361 1860 1625 1914 161-162,
1671 1877 1695 1905 e

184 1932 343 1983 quibus
374 1936 503 1971 vacat
534 1933 750 1972 incisione
782 1944 819 1973 v,
854 1929 965 1981 162).
1027 1929 1111 1973 102
1142 1931 1310 1981 (XXIV.
1340 1929 1540 1974 92—95.
1570 1945 1609 1973 v.
1639 1930 1695 1974 93

183 2005 300 2040 certe
334 2002 509 2050 dactylo
542 2006 792 2042 exstructus
827 2000 921 2049 est).
963 2001 1041 2042 Ecl.
1065 2001 1130 2041 IX.
1164 2000 1185 2041 1
1221 2001 1329 2050 (VII.
1358 1998 1538 2042 21-25,
1569 2014 1606 2041 v,
1629 1998 1695 2042 21.

182 2064 239 2107 22
280 2074 432 2108 carent
478 2081 683 2118 caesura,
729 2083 818 2110 non
861 2069 1065 2120 dactylo).
1127 2066 1498 2119 18(Mosch.111.
1532 2066 1596 2109 11.
1632 2065 1694 2110 12.

184 2132 250 2176 65.
280 2133 365 2183 66).
417 2134 483 2177 23.
523 2135 588 2177 24.
628 2135 683 2177 25
734 2138 933 2186 (Theocr.
966 2139 1033 2178 III.
1065 2135 1224 2186 3—5).
1275 2135 1341 2178 33.
1373 2135 1440 2178 34.
1489 2134 1546 2177 36
1586 2137 1694 2186 (Vn.

183 2201 383 2252 37—41).
431 2203 497 2245 41.
530 2202 584 2244 43
619 2204 727 2253 (VII.
759 2203 882 2247 7—9.
922 2207 971 2246 cf.
1002 2219 1039 2246 ν.
1071 2202 1098 2245 8
1127 2199 1318 2259 ὕφαινον,
1358 2208 1474 2258 quod
1507 2208 1696 2256 conjecit

183 2273 407 2321 Heinsius,
440 2286 543 2312 cum
575 2286 612 2313 v.
643 2270 700 2312 42
730 2272 941 2322 ‚,texunt“.
973 2275 1040 2314 XI.
1071 2270 1157 2322 43).
1188 2270 1244 2313 57
1276 2274 1382 2324 (VII.
1415 2271 1481 2315 57.
1512 2271 1595 2323 58).
1628 2271 1695 2314 59.

183 2335 239 2379 60
271 2339 377 2388 (VII.
403 2338 467 2382 10.
500 2338 581 2389 11).
625 2338 682 2382 64
714 2341 821 2391 (VII.
851 2339 923 2391 36)
937 2342 1004 2391 **).
1043 2342 1122 2384 Ecl.
1146 2342 1189 2383 X.
1214 2338 1268 2383 18
1299 2342 1404 2392 (XX.
1424 2340 1510 2392 33).
1541 2341 1607 2386 22.
1638 2341 1693 2385 23

184 2407 229 2458 (I.
261 2404 326 2449 82.
359 2404 442 2457 83).
482 2406 548 2451 33.
578 2407 635 2450 34
667 2410 771 2459 (XII.
795 2408 973 2452 10—21.
1006 2412 1067 2451 ibi
1098 2413 1142 2452 in
1173 2413 1374 2463 plurimis
1408 2417 1527 2453 certe
1558 2413 1694 2453 versi-

273 2546 305 2587 *)
332 2542 479 2578 Versus
505 2543 699 2578 Theocriti
724 2544 783 2578 vel
817 2545 989 2589 quisquis
1017 2546 1151 2579 auctor
1183 2547 1242 2578 est
1274 2544 1559 2590 epigrammatis
1586 2547 1628 2581 15
1655 2548 1692 2580 et

183 2601 224 2634 1ss
251 2601 340 2634 olim
372 2600 426 2634 ita
453 2599 676 2634 scribendos
712 2610 796 2634 esse
822 2605 1043 2644 putaveram
1076 2597 1117 2645 ἦν
1147 2597 1186 2635 δ’
1212 2597 1281 2645 ἄρα
1304 2600 1412 2650 νεύσῃ
1434 2605 1540 2639 τοῦδε
1563 2606 1691 2649 τυχεῖν,

181 2656 288 2694 §ww
313 2657 441 2702 τρισσὰ
465 2656 535 2702 θύη
560 2657 700 2693 τελέσαι
759 2652 825 2703 ἄρα
848 2656 952 2705 νεύσῃ
978 2669 1076 2693 nunc
1103 2658 1273 2695 enotavit
1297 2660 1506 2696 Ahrensius
1534 2671 1554 2695 e
1580 2660 1690 2696 codd.

181 2715 220 2748 B.
247 2714 292 2748 D.

258 2771 302 2814 **)
328 2771 357 2805 Ε
383 2772 511 2806 futuro
540 2770 664 2809 ὂνασεῖ
684 2772 897 2816 scriptu-rae
923 2773 1039 2807 laedet
1063 2772 1163 2816 apud
1182 2772 1390 2818 Vergilium
1415 2784 1554 2820 magna
1579 2783 1693 2819 quae-

183 2829 267 2863 dam
292 2831 541 2872 probabilitas
568 2831 750 2864 nascitur.
