1911 3215
844 118 899 165 25

120 238 278 280 tationi
314 240 400 280 alia
440 239 660 293 quaedam
690 239 953 292 adjungam,
995 248 1111 292 quae
1142 236 1251 277 mihi
1272 236 1337 277 'ad
1369 236 1625 277 universam

122 310 353 362 utriusque
382 310 540 360 poesin
571 307 859 359 judicandam
896 308 1089 348 fructum
1119 306 1342 358 quendam
1374 306 1533 345 aflerre
1562 305 1625 344 vi-

124 380 292 419 dentur.
333 379 451 417 Nihil
480 378 707 427 Vergilius
739 378 855 427 apud
885 381 1087 426 pastores
1120 385 1227 414 suos
1258 375 1477 423 reperisse
1506 374 1626 412 vide-

122 450 203 497 tur,
236 446 353 500 quod
384 446 528 486 simile
561 449 681 486 esset
710 445 927 486 vocabulo
958 439 1096 495 σίττα,
1135 453 1281 496 neque
1312 441 1435 482 licuit
1464 445 1625 494 poetae

120 519 318 556 Romano
365 527 464 554 eam
506 517 686 565 linguae
732 515 927 553 Graecae
971 515 1182 553 virtutem
1228 512 1463 557 aemulari,
1513 522 1626 563 quae

119 585 267 637 posita
299 587 367 625 est
397 584 442 623 in
473 583 745 623 nominativo
767 582 960 623 nominis
984 593 1083 622 cum
1116 581 1301 621 articulo
1333 579 1394 619 ibi
1417 578 1626 627 adhibito,

123 654 198 692 ubi
229 654 340 692 alter
370 653 561 691 alterum
601 653 848 704 alloquitur.
909 652 972 689 Ea
1013 651 1187 689 dicendi
1218 651 1390 689 ratione
1421 648 1628 687 Theocri-

121 725 215 762 tum
247 733 410 773 magna
442 732 541 761 cum
570 721 613 760 vi
654 721 936 772 potissimum
977 720 1022 760 in
1054 719 1319 760 animalibus
1352 715 1628 769 appellandis

122 800 254 829 usum
285 800 404 838 esse,
437 790 467 828 ii
497 790 582 829 loci
614 790 870 837 ostendunt,
910 799 1021 840 quos
1054 788 1282 838 congessit
1314 786 1540 825 Ameisius
1573 784 1628 823 de

121 860 239 899 artic.
271 871 308 909 p.
342 854 404 899 17.
447 858 665 914 *Proxime
695 862 845 898 tamen
885 858 940 897 ad
973 857 1194 897 Graecum
1225 867 1357 895 usum
1387 855 1501 894 tales
1542 853 1628 893 loci

122 927 356 975 accedunt,
400 926 543 978 qualis
575 929 644 965 est
675 926 751 965 ecl.
782 927 872 966 VII.
902 922 970 974 46,
1011 926 1087 964 ubi
1118 925 1250 964 tertia
1280 924 1404 963 verbi
1434 933 1627 974 persona

120 997 165 1035 in
198 996 426 1035 enuntiato
457 995 640 1034 relativo
672 997 818 1045 posita
853 996 997 1035 simile
1030 995 1239 1045 quiddam
1273 993 1447 1033 efficere
1476 992 1628 1031 voluit.

122 1064 181 1104 Cf.
214 1074 326 1115 quae
358 1062 414 1102 ad
442 1062 468 1102 1.
495 1062 520 1102 l.
551 1062 778 1102 adnotavit
799 1063 1020 1114 Ladewig.
1062 1062 1231 1102 Eodem
1261 1061 1479 1100 trahenda
1508 1060 1628 1099 locu-

121 1133 291 1171 tionum
324 1131 598 1183 quarundam
630 1133 847 1179 suavitas,
887 1144 1018 1183 quam
1057 1132 1295 1183 quominus
1329 1130 1630 1169 aemularetur

121 1201 365 1251 Vergilius,
405 1200 559 1250 lingua
600 1211 681 1240 sua
721 1201 961 1251 impeditus
1005 1204 1082 1239 est.
1152 1200 1334 1249 Insigne
1377 1198 1628 1248 exemplum

121 1270 256 1319 hujus
306 1268 484 1319 generis
528 1269 710 1319 praebet
742 1269 818 1309 ecl.
850 1269 917 1309 IX.
948 1265 1015 1316 23,
1060 1269 1104 1308 in
1151 1280 1237 1320 quo
1285 1279 1423 1320 quum
1457 1266 1629 1307 Graeca

122 1339 257 1378 verba
299 1337 355 1377 id.
386 1338 456 1377 III.
496 1333 522 1376 3
564 1330 611 1376 τὸ
652 1330 780 1377 καλὸν
820 1334 1096 1390 πεφιλαμένε,
1137 1338 1181 1376 id
1223 1337 1341 1388 quod
1378 1336 1629 1376 rectissime

120 1406 227 1445 dixit
258 1405 426 1444 Gellius
457 1405 505 1444 N.
537 1405 586 1444 A.
618 1405 729 1445 VIII.
760 1401 798 1445 9.
829 1400 876 1452 8,
918 1406 1120 1456 quamvis
1161 1405 1404 1444 concedere
1434 1404 1629 1444 noluerit

121 1473 373 1524 Stephanus
412 1472 458 1511 in
488 1473 611 1523 Virg.
644 1476 687 1512 et
717 1473 818 1513 Nas.
851 1472 1069 1513 Theocrit.
1101 1473 1208 1513 imit.
1239 1485 1278 1523 p.
1312 1468 1367 1512 10
1399 1482 1508 1524 sqq,
1539 1483 1630 1512 non

118 1541 410 1589 translaticia,
462 1541 541 1581 sed
589 1542 768 1581 nativae
829 1542 1061 1591 cujusdam
1108 1542 1356 1581 dulcedinis
1407 1552 1508 1581 esse
1565 1542 1629 1581 in-

119 1610 348 1657 tellexerit,
377 1612 522 1649 totum
553 1610 700 1649 locum
731 1610 860 1649 aliter
890 1610 1116 1651 convertit.
1176 1611 1266 1650 Nec
1298 1602 1631 1663 ὂνοματοποίητα

121 1690 233 1731 quae
255 1682 471 1718 vocantur
500 1682 591 1717 tam
612 1678 766 1718 crebra
796 1679 840 1717 in
863 1679 1022 1718 Latina
1044 1691 1177 1730 quam
1207 1680 1251 1718 in
1276 1679 1446 1718 Graeca
1474 1679 1630 1729 lingua

119 1747 411 1798 reperiuntur.
473 1746 689 1797 Quocirca
720 1748 925 1787 videmus
956 1748 1208 1796 Maronem,
1247 1748 1322 1787 ubi
1354 1748 1465 1787 haec
1497 1748 1630 1787 obvia

119 1816 233 1866 apud
265 1818 493 1855 auctorem
522 1814 714 1864 fuerunt,
746 1819 823 1855 aut
847 1827 1061 1856 versuum
1081 1816 1279 1855 numeris
1309 1817 1629 1868 literarumque

119 1894 229 1923 sono
275 1882 347 1930 (id.
376 1884 428 1923 V.
474 1880 501 1921 7
532 1884 625 1922 0011.
672 1885 748 1923 ecl.
787 1885 855 1924 ΙΙΙ,
903 1881 959 1923 26
991 1896 1053 1935 sq.
1097 1884 1152 1924 id.
1184 1885 1275 1923 VII.
1320 1880 1378 1923 48
1409 1885 1503 1924 coll.
1550 1885 1627 1924 ecl.

117 1951 185 1989 IX.
215 1946 287 1997 36)
320 1954 397 1989 aut
418 1950 506 1989 alia
537 1951 862 1991 sententiarum
894 1952 1246 1992 conforrnatione
1278 1950 1350 1998 (id.
1382 1952 1433 1991 V.
1453 1947 1511 1991 89
1531 1952 1626 1993 coll.

119 2019 195 2058 ecl.
224 2019 293 2058 III.
333 2014 389 2057 64
419 2029 480 2069 sq.
512 2015 584 2065 72)
624 2030 725 2060 cum
757 2030 808 2059 eo
852 2022 1021 2059 certare
1061 2020 1299 2060 studuisse.
1359 2021 1474 2060 Vide
1513 2031 1627 2072 quae

117 2087 284 2126 ibidem
315 2083 352 2134 ξ.
372 2083 401 2126 4
432 2087 540 2126 dixit
571 2086 741 2127 Gellius
774 2088 826 2128 de
859 2088 913 2128 id.
944 2088 997 2128 V.
1025 2083 1091 2128 89.
1130 2089 1279 2129 Verbo
1314 2089 1450 2129 etiam
1480 2089 1628 2140 dispu-

118 2159 213 2194 tare
253 2156 382 2203 juvat
413 2155 467 2194 de
512 2156 566 2195 iis
611 2157 1006 2206 appellationibus,
1053 2158 1215 2209 qui-bus
1262 2163 1449 2210 uterque
1495 2163 1630 2209 poeta

119 2234 293 2263 amores
340 2223 572 2273 significat.
632 2225 902 2265 Dulcissima
947 2229 1052 2265 sunt
1097 2226 1182 2266 hoc
1228 2227 1273 2266 in
1315 2238 1481 2278 genere
1513 2239 1628 2280 qua-e

118 2291 234 2342 apud
263 2291 389 2330 illum
418 2291 630 2340 leguntur
659 2289 778 2339 λίπος
809 2293 880 2340 (id.
911 2294 981 2333 111.
1014 2290 1102 2342 18),
1136 2296 1253 2345 quod
1284 2299 1402 2334 recte
1436 2307 1459 2334 e
1492 2297 1627 2335 schol.

118 2359 293 2410 scripsit
323 2357 592 2407 Ahrensius,
634 2362 677 2399 et
708 2355 957 2413 μελίμαλον,
999 2361 1116 2413 quod
1146 2362 1266 2402 idem
1298 2363 1514 2413 exaravit,
1555 2365 1626 2405 vel

116 2421 401 2479 γλυκύμαλον,
443 2428 561 2478 quod
600 2428 736 2477 vulgo
778 2429 943 2477 legitur
974 2428 1046 2476 (id.
1077 2431 1145 2469 XI.
1176 2427 1262 2478 39),
1304 2433 1462 2470 suavia
1493 2434 1628 2472 etiam

115 2487 282 2548 τερπνὸν
324 2493 388 2545 (ΙΙ.
431 2490 553 2546 158),
605 2488 803 2550 ἐρωτύλος
844 2494 929 2545 (ΙΙΙ.
962 2493 1027 2547 7),
1078 2494 1220 2553 ἐρωτίς
1260 2497 1352 2551 (IV.
1391 2496 1483 2551 59),
1526 2492 1627 2550 ἁδύς

118 2562 221 2609 (ΧΧ.
249 2560 334 2611 44),
366 2566 484 2616 quod
508 2567 609 2614 jure
642 2566 696 2604 ab
728 2566 949 2605 Ahrensio
983 2572 1210 2607 servatum
1242 2581 1416 2609 censeo.
1465 2571 1523 2609 Es
1554 2570 1625 2608 his

119 2643 254 2686 quum
283 2632 494 2686 pleraque
525 2634 705 2685 linguae
737 2634 876 2685 culpa,
909 2640 956 2675 ut
976 2637 1164 2687 videtur,
1196 2639 1321 2679 Maro
1354 2652 1441 2679 non
1472 2646 1627 2689 posset

119 2700 333 2740 imitando
356 2702 599 2751 exprimere
620 2703 805 2754 aliaque,
824 2704 964 2743 veluti
986 2718 1084 2745 cura
1109 2705 1201 2753 (ecl.
1219 2707 1247 2745 Ι.
1269 2701 1334 2744 58.
1354 2707 1402 2745 X.
1424 2703 1509 2755 22),
1530 2710 1627 2760 iynis

121 2766 215 2817 (ecl.
245 2768 313 2809 III.
334 2763 419 2817 66),
445 2770 565 2822 furor
596 2769 688 2820 (ecl.
719 2772 767 2813 X.
793 2767 865 2820 38)
898 2774 1200 2823 substitueret,
1232 2779 1279 2814 ut
1309 2786 1467 2816 vocem
1501 2775 1627 2819 Venus

118 2837 171 2877 de
200 2838 349 2889 puella
378 2842 526 2878 amata
555 2846 740 2890 poneret
776 2841 851 2881 ecl.
882 2843 951 2882 ΙΙΙ.
982 2838 1058 2892 68,
1101 2845 1318 2884 excitatus
1360 2849 1429 2885 est
1458 2850 1619 2897 poetae
