1911 3215
922 111 980 155 89

205 226 432 279 indignam
449 227 629 277 ‘Heynii
661 228 948 276 sententiam,
996 228 1070 280 qui
1108 229 1153 268 in
1193 240 1282 279 arg.
1315 231 1559 278 contendit,
1610 230 1696 270 duo

203 296 385 347 eclogae
415 296 612 335 carmina
637 307 717 346 per
736 307 784 336 se
806 300 1008 337 constare
1029 309 1173 349 neque
1196 299 1284 337 ullo
1303 298 1478 338 vinculo
1501 309 1699 338 connexa

204 375 315 405 esse.
364 365 461 405 Hoc
486 364 704 414 judicium
734 365 836 404 inde
867 368 1020 405 natum
1052 377 1150 407 esse
1182 370 1373 418 apparet,
1405 367 1521 419 quod
1552 367 1700 407 existi-

204 434 341 473 mavit
370 433 437 472 vir
460 433 688 473 doctus—
707 433 942 484 amplexati
972 437 1121 474 autem
1154 438 1257 474 sunt
1287 436 1400 474 hanc
1432 435 1699 475 sententiam

201 513 356 542 omnes
388 503 544 555 reliqui
574 502 761 553 Vergilii
802 503 1149 554 interpretes—,
1179 505 1392 544 Damonis
1434 508 1613 544 cantum
1645 515 1698 543 ex

200 571 351 621 idyllio
394 572 523 611 tertio
571 581 827 621 expressum
866 581 976 612 esse.
1036 573 1084 612 Id
1127 584 1231 612 vero
1272 584 1445 613 merum
1477 583 1699 612 commen-

199 643 295 679 tum
326 649 446 687 esse,
489 640 573 679 sibi
603 651 895 691 persuasuros
927 641 1077 689 credo,
1110 642 1359 692 quicunque
1391 641 1698 681 considerave-

129 723 134 728 -
201 709 300 755 rint,
332 711 603 759 quantopere
634 709 817 759 caprarii
848 709 983 749 verba
1014 722 1040 749 a
1071 713 1203 749 cantu
1233 710 1423 760 pastoris
1451 709 1699 759 Vergiliani

201 776 451 827 discrepent
481 780 614 829 atque
645 777 859 816 differant.
909 777 1020 816 Nam
1051 778 1180 828 pauci
1213 777 1392 829 quidam
1422 786 1591 823 versus,
1624 776 1697 828 qui

200 857 250 884 ex
282 846 356 884 illo
389 846 582 884 carmine
614 844 863 884 adumbrati
895 848 1009 892 sunt,
1041 846 1151 884 nihil
1181 846 1367 895 probare
1394 848 1594 895 possunt,
1625 844 1699 882 ubi

200 914 255 953 de
302 914 508 954 universo
541 914 697 966 ‚colore
729 913 975 952 carminum
1013 913 1248 965 quaeritur.
1309 914 1455 964 Atque
1492 923 1602 952 usus
1634 916 1703 951 est

200 986 333 1032 poeta
372 983 417 1021 in
459 983 615 1021 eadem
656 981 839 1030 eclogae
880 984 1004 1030 parte
1045 982 1179 1020 etiam
1221 982 1408 1020 aliorum
1449 981 1703 1029 idylliorum

202 1054 246 1091 et
276 1050 423 1089 verbis
455 1052 499 1088 et
530 1046 820 1107 sentenQisss.
860 1048 1029 1087 Verum
1057 1048 1200 1087 dicam
1231 1048 1374 1098 plane,
1408 1048 1524 1099 quod
1548 1049 1705 1088 sentio.

199 1119 415 1171 Equidem
462 1130 515 1157 ea
546 1117 752 1168 opinione
783 1117 980 1156 imbutus
1013 1127 1129 1164 sum,
1179 1120 1227 1156 ut
1260 1117 1508 1167 Vergilium
1555 1117 1703 1156 existi-

202 1200 304 1228 men
351 1188 590 1227 excitatum
636 1196 737 1225 esse
769 1197 796 1225 a
825 1185 1040 1232 Pollione,
1093 1189 1142 1224 ut
1179 1185 1266 1224 duo
1305 1186 1450 1236 prima
1481 1186 1706 1225 Theocriti

200 1258 352 1308 idyllia
397 1268 485 1296 uno
531 1255 726 1295 carmine
776 1256 1079 1305 conjungeret.
1140 1255 1254 1294 Huic
1297 1255 1545 1295 sententiae
1587 1255 1706 1294 haud

204 1327 439 1367 mediocris
472 1324 801 1365 commendatio
832 1324 902 1362 vel
935 1335 988 1362 ex
1019 1335 1071 1363 eo
1103 1327 1300 1374 paratur,
1333 1324 1461 1375 quod,
1494 1326 1542 1363 ut
1573 1334 1708 1374 supra

203 1393 257 1445 (p.
269 1390 324 1433 57
336 1391 414 1446 sq.)
437 1393 638 1440 disserui,
666 1394 800 1442 poeta
825 1392 872 1430 in
892 1392 1096 1432 versibus
1119 1393 1456 1432 intercalaribus
1475 1404 1522 1432 se
1540 1393 1594 1432 ad
1621 1393 1707 1443 pri-

201 1475 325 1503 mum
338 1463 529 1502 maxime
546 1461 748 1511 idyllium
766 1461 1127 1500 accommodavit.
1151 1461 1334 1501 Accedit
1351 1462 1469 1501 aliud
1487 1462 1707 1514 quiddam,

202 1531 320 1583 quod
350 1532 434 1570 hac
464 1531 509 1570 in
541 1540 676 1570 causa
706 1530 885 1569 maximi
918 1530 1133 1569 momenti
1154 1530 1409 1569 habendum
1432 1535 1509 1571 est.
1539 1532 1709 1582 Nempe

204 1600 405 1649 exemplo
448 1598 679 1648 Thyrsidis
717 1597 967 1636 Theocritei
1012 1598 1128 1648 apud
1165 1598 1413 1648 Vergilium
1451 1600 1623 1640 Damon
1664 1604 1709 1639 et

202 1668 529 1720 Alphesiboeus
560 1678 648 1706 non
681 1677 786 1706 suas
817 1677 905 1714 reS,
957 1667 1035 1706 sed
1074 1667 1260 1706 aliorum
1293 1668 1559 1708 describunt.
1620 1670 1704 1708 De-

202 1740 336 1790 nique
382 1737 519 1776 totius
554 1738 710 1775 cantus
749 1735 972 1774 sententia
1011 1736 1073 1774 ita
1104 1739 1359 1786 comparata
1391 1740 1473 1783 est,
1525 1740 1573 1776 ut
1603 1749 1704 1776 cum

204 1819 257 1846 ea
306 1806 482 1845 fabulae
522 1804 768 1854 Daphnidis
818 1804 1200 1853 interpretatione,
1252 1817 1384 1856 quam
1435 1817 1519 1855 ego
1570 1817 1705 1855 supra

201 1875 421 1926 proposui,
452 1873 634 1912 mirifice
657 1875 880 1922 congruat.
921 1873 1078 1911 Pastor
1108 1873 1238 1920 enim,
1269 1874 1396 1921 cujus
1427 1878 1576 1923 partes
1608 1875 1703 1924 agit

200 1945 393 1989 Damon,
445 1953 579 1994 quum
626 1941 929 1991 cognovisset,
979 1941 1131 1980 Nisam
1183 1951 1230 1980 se
1275 1945 1557 1991 aspernatam
1597 1952 1698 1982 esse

203 2017 335 2065 atque
373 2023 424 2050 eo
462 2011 558 2061 ipso
597 2010 666 2049 die
705 2010 830 2048 alteri
863 2012 1115 2059 nupturam,
1167 2010 1219 2048 de
1251 2011 1384 2049 rebus
1417 2011 1510 2049 suis
1542 2011 1696 2060 despe-

201 2092 322 2130 rans,
373 2082 489 2120 vitae
535 2079 624 2119 vim
662 2078 819 2119 afferre
858 2078 1096 2119 constituit.
1157 2079 1362 2118 Continet
1405 2082 1553 2119 autem
1600 2080 1696 2129 ejus

202 2152 341 2191 oratio
375 2162 557 2201 gravem
589 2153 633 2188 et
663 2149 868 2188 acerbam
900 2149 952 2187 de
984 2148 1167 2198 perfidia
1197 2149 1370 2198 puellae
1402 2150 1520 2188 etde
1548 2149 1697 2188 crude-

201 2222 325 2260 litate
377 2218 553 2258 Amoris
603 2217 991 2268 conquestionem,
1043 2220 1087 2255 et
1141 2216 1183 2255 in
1235 2216 1441 2255 extremis
1492 2216 1693 2255 versibus

203 2294 366 2341 pastor,
395 2295 631 2338 postquam
663 2286 785 2324 silvis
815 2285 1034 2332 valedixit,
1067 2295 1114 2323 se
1139 2286 1233 2333 jam
1254 2284 1298 2322 in
1321 2284 1460 2322 undas
1492 2293 1590 2322 sese
1622 2284 1694 2322 de-

199 2362 420 2411 jecturum
454 2367 553 2396 esse
586 2354 713 2395 claris
744 2354 890 2393 verbis
922 2353 1095 2393 indicat.
1146 2353 1231 2393 Cur
1259 2356 1391 2403 poeta
1420 2363 1508 2392 non
1540 2362 1693 2391 omnes

207 2428 346 2480 idyllii
375 2435 548 2472 versus,
587 2424 653 2463 de·
672 2423 830 2474 quibus
862 2422 1018 2472 agitur,
1049 2422 1211 2460 imitari
1240 2421 1449 2471 potuerit,
1480 2432 1531 2459 ex
1563 2431 1693 2470 oppo-

205 2500 290 2539 sito
322 2494 608 2548 Alphesiboei
647 2492 839 2532 carmine
884 2491 1155 2530 intellectum
1196 2491 1248 2529 iri
1287 2490 1500 2529 existimo.
1560 2490 1693 2537 Cujus

204 2571 359 2607 cantus
392 2565 477 2604 etsi
507 2564 608 2603 talis
641 2565 718 2608 est,
749 2561 793 2599 in
826 2572 911 2610 quo
942 2559 1081 2608 idyllii
1112 2558 1295 2598 secundi
1320 2558 1508 2607 vestigia
1530 2557 1692 2607 ubique

204 2635 409 2686 reperias,
441 2636 590 2672 tamen
623 2632 754 2670 finem
791 2639 970 2679 prorsus
1011 2627 1232 2667 diversum
1277 2626 1419 2665 habet.
1478 2625 1691 2664 Nimirum

295 2790 326 2834 ¹⁸)
353 2789 529 2824 Ceterum
567 2787 740 2821 conferas
772 2795 867 2829 quae
906 2784 952 2819 de
986 2784 1206 2827 argumento
1244 2780 1363 2825 idyllii
1400 2780 1464 2814 III.
1502 2780 1695 2824 eleganter

202 2846 374 2893 exposuit
398 2844 586 2880 Ameisius
612 2843 707 2878 Adn.
734 2854 773 2887 p.
792 2842 847 2878 27.
