1911 3215
886 113 945 158 47

164 231 208 267 et
228 227 653 279 hephthemimeren‚
675 231 806 271 tertia
830 234 900 272 est
921 243 985 280 ea,
1003 225 1402 287 (χιιειῐηβουκολικήν
1424 231 1669 282 appellant;

162 307 275 348 quae
307 300 463 350 quarto
494 298 607 348 pede
640 308 817 350 semper
858 308 1041 338 sensum
1091 299 1328 339 claudente
1379 299 1671 350 distinguitur

161 365 350 418 ideoque
381 379 408 406 a
439 366 622 407 Graecis
662 368 726 407 sic
766 368 1030 418 appellatur,
1072 368 1187 420 quod
1230 368 1420 407 bucolici
1460 368 1668 408 carminis

160 435 270 475 haec
298 435 371 475 lex
401 436 476 484 sit,
517 439 566 475 ut
595 445 752 476 versus
784 437 880 485 ejus
913 447 966 476 ea
996 436 1308 477 observatione
1340 435 1573 485 formetur,
1615 439 1667 476 ut

162 507 265 544 ante
298 504 408 545 duos
436 505 616 545 ultimos
649 508 806 557 quarto
837 506 948 556 pede
986 507 1194 547 terminet
1225 509 1302 546 aut
1351 509 1524 556 partem
1574 517 1670 546 ora-

169 572 302 613 tionis
333 575 411 613 aut
440 579 634 622 sensum,
667 583 798 625 quam
829 573 976 625 legem
1007 585 1085 625 per
1116 584 1248 614 omne
1280 584 1391 625 opus
1424 573 1493 614 sui
1516 573 1672 612 carmi·

163 641 233 682 nis
264 642 525 681 Theocritus
568 642 889 693 Syracusanus,
931 644 1125 694 exceptis
1163 644 1304 682 tribus
1347 646 1425 682 aut
1464 644 1674 694 quattuor

164 710 304 750 ferme
335 711 537 751 versibus
572 709 740 759 (laudat
769 712 824 751 id.
854 712 884 752 I.
915 724 952 751 v.
983 706 1040 751 28
1071 714 1116 751 et
1144 707 1220 759 39,
1261 711 1340 750 sed
1370 711 1534 751 falsum
1572 722 1673 752 esse

166 778 529 829 grammaticum,
564 780 662 828 jam
704 779 982 819 Camerarius
1013 778 1140 828 vidit,
1182 780 1309 829 cujus
1349 778 1486 819 verba
1526 779 1675 819 attulit

166 846 399 895 Gaisford.)
433 849 636 888 custodit.
697 848 756 887 At
784 851 938 888 noster
967 849 1093 888 Maro
1124 849 1245 888 haud
1274 849 1347 896 ita,
1380 849 1498 900 quod
1524 852 1673 889 utrum

163 915 434 970 scrupulosum
464 928 517 956 an
544 927 835 969 supervacuum
865 916 1035 964 dum-erit,
1074 917 1152 969 ipse
1190 919 1313 964 norit,
1356 916 1475 968 quod
1515 916 1674 957 Graeci

162 988 422 1031 sanxerunt,
472 996 529 1023 ne
577 995 681 1034 pars
742 986 955 1023 orationis
1013 989 1091 1022 aut
1148 995 1295 1023 sermo
1351 986 1528 1035 integer
1583 986 1673 1024 ullo

160 1052 285 1091 verbi
315 1051 499 1091 discidio
531 1051 854 1091 interveniente
886 1052 1209 1103 sejungeretur,
1238 1054 1467 1104 tamquam

603 1125 718 1161 Forte
743 1128 814 1161 sub
840 1129 977 1172 arguta
1003 1127 1228 1162 consederat

162 1202 460 1240 tetrametrus.
520 1199 729 1252 Sequitur

735 1274 820 1311 ilice
846 1273 1028 1320 Daphnis.

162 1359 258 1399 Hoc
289 1369 463 1399 comma
494 1359 732 1399 dimetrum
763 1360 939 1410 epicum
968 1364 1291 1410 nuncuparunt.
1352 1361 1465 1400 Item

632 1433 664 1469 Ο
691 1434 855 1469 crudelis
880 1433 1000 1475 Alexi,
1025 1433 1118 1469 nihil
1142 1445 1226 1469 mea

165 1507 327 1547 dehinc

757 1579 923 1605 carmll'la
948 1580 1069 1606 curas.

163 1655 287 1694 Unde
329 1654 520 1705 intelligi
562 1654 710 1702 datur,
749 1655 1000 1695 bucolicum
1041 1666 1222 1695 carmen
1265 1667 1346 1696 seu
1388 1660 1580 1696 metrum
1621 1669 1674 1697 ex

161 1724 406 1764 tetrametri
438 1721 711 1772 (conjectura
743 1723 998 1763 addendum
1030 1724 1205 1764 videtur
1235 1732 1270 1765 et
1302 1722 1468 1773 demetri)
1496 1726 1671 1777 copula-

160 1794 281 1833 tione
312 1789 591 1832 subsistere“.
650 1793 765 1840 Etsi,
805 1793 1008 1844 inquam,
1047 1804 1101 1832 ex
1142 1794 1212 1833 his
1251 1795 1510 1842 concludas,
1551 1795 1670 1834 hunc

100 1871 104 1875 ·
161 1865 206 1900 et
234 1861 381 1910 ipsum
413 1860 467 1899 de
498 1863 653 1911 quarto
685 1861 859 1910 dactylo
892 1862 1126 1910 cogitasse,
1158 1865 1308 1902 tamen
1329 1863 1450 1902 aliud
1476 1863 1668 1902 suadent

161 1939 275 1981 quae
306 1928 453 1967 attulit
481 1940 519 1979 p.
551 1922 608 1967 87
639 1938 701 1980 sq.
736 1929 1085 1980 „Nonnunquam
1126 1933 1277 1969 autem
1318 1931 1482 1979 evenit,
1530 1933 1579 1970 ut
1618 1931 1663 1970 in

161 1997 318 2038 eodem
357 2008 491 2037 versu
538 1997 685 2048 plures
735 1997 992 2046 incisiones,
1042 1999 1067 2038 i.
1112 2009 1147 2038 e·
1186 1999 1570 2049 penthemimeren
1621 2002 1666 2038 et

160 2066 575 2118 hephthemimeren
606 2069 652 2107 et
682 2078 780 2106 eam
813 2078 925 2119 quae
957 2070 1114 2119 quarta
1144 2078 1332 2107 caesura
1359 2071 1533 2120 partem
1572 2079 1666 2108 ora-

161 2136 296 2175 tionis
336 2135 547 2175 terminat
588 2134 737 2188 (quam
776 2136 1009 2176 bucolicon
1052 2136 1209 2177 Graeci
1260 2135 1427 2185 dicunt)
1479 2138 1667 2189 reperia-

164 2214 276 2251 muS‚
306 2206 375 2242 ut:

374 2279 490 2312 Arma
513 2277 710 2321 virumque
736 2288 841 2319 cano,
867 2279 1007 2322 Trojae
1033 2279 1097 2323 qui
1122 2278 1264 2323 primus
1290 2280 1337 2313 ab
1364 2279 1452 2320 oris,

161 2355 274 2394 Nam
295 2352 369 2405 jae
399 2354 466 2405 qui
492 2361 572 2403 pes
604 2351 648 2390 in
678 2361 810 2392 versu
841 2355 1023 2404 quartus
1056 2363 1154 2392 eam
1185 2352 1448 2393 divisionem
1470 2354 1667 2405 explicat,

164 2434 297 2474 quam
328 2421 560 2461 bucolicon
589 2420 738 2459 vocari
769 2420 933 2460 dictum
964 2424 1049 2469 est,
1094 2422 1265 2473 subque
1295 2422 1461 2473 pedum
1491 2433 1667 2473 percus-

164 2491 289 2532 sione
322 2501 482 2532 sensus
513 2491 731 2542 impletur.
789 2491 900 2531 Nam
933 2491 1120 2532 bucolici
1154 2493 1285 2532 metri
1326 2493 1437 2532 haec
1476 2493 1547 2532 lex
1589 2494 1666 2539 est,

165 2571 296 2611 quam
314 2571 393 2610 per
409 2572 540 2600 omne
558 2571 668 2611 opus
684 2560 752 2599 sui
772 2561 979 2600 carminis
994 2561 1257 2601 Theocritus
1271 2562 1576 2612 Syracusanus
1593 2562 1667 2600 ob-

164 2631 331 2677 servat,
380 2631 576 2680 exceptis
606 2630 759 2682 paucis
788 2630 1017 2679 versibus,
1065 2631 1118 2671 de
1160 2630 1319 2683 quibus
1364 2631 1410 2670 in
1453 2640 1669 2681 processu

165 2696 398 2739 dicemusf‘
475 2699 574 2738 Non
621 2702 794 2750 poterat
851 2701 1166 2750 grammaticus
1218 2700 1431 2739 Aeneidis
1487 2709 1668 2740 versum

165 2767 366 2817 excitare,
397 2767 485 2807 nisi
505 2770 719 2818 putasset,
748 2769 870 2809 salvo
892 2772 1036 2809 metro
1057 2770 1256 2809 bucolico
1281 2772 1488 2820 quartum
1507 2769 1669 2820 pedem

166 2836 300 2877 etiam
332 2836 580 2888 spondeum
612 2850 712 2880 esse
743 2850 887 2890 posse.
