1911 3215
959 139 1017 185 82

231 266 430 297 amorem
463 257 548 297 sibi
580 257 852 305 conciliaret,
891 257 1169 308 supplicibus
1203 259 1409 308 precibus
1441 263 1626 301 orasset.
1687 260 1747 300 At

229 325 374 365 noluit
401 329 555 375 pastor
575 325 746 365 Dianae
769 325 938 365 cultum
960 325 1186 376 deserere3
1219 338 1358 379 quum
1377 329 1530 368 tamen
1550 328 1743 378 pectoris

230 396 408 434 aestum
441 394 634 445 amplius
675 393 870 445 perferre
903 405 993 434 non
1032 398 1207 445 posset,
1248 398 1430 446 paratus
1462 396 1519 436 ad
1554 395 1746 435 mortem

231 462 318 502 sibi
350 463 731 512 consciscendam,
763 464 983 513 omnibus,
1017 475 1131 516 quae
1164 464 1204 504 ei
1235 475 1338 504 cara
1369 468 1506 513 erant,
1536 464 1747 505 valedixit

227 532 487 584 Panemque
520 543 573 572 ex
603 532 796 572 Arcadia
832 532 1077 581 advocavit,
1108 532 1179 572 cui
1209 532 1408 572 fistulam
1439 544 1568 573 suam
1600 532 1745 573 trade—

229 604 308 639 ret.
358 601 557 638 Pastoris
589 600 827 639 consilium
859 612 996 650 quum
1028 601 1184 640 Venus
1216 601 1746 649 animadvertisset,ejus

230 668 432 708 animum
465 669 640 719 erigere
670 668 832 717 voluit,
865 669 944 709 sed
976 679 1100 709 sero:
1142 669 1342 720 Daphnis
1376 680 1477 711 sese
1507 671 1553 710 in
1582 670 1746 709 fluctus

230 737 402 784 dejecit.

277 823 279 826 ·
348 804 579 846 Summam
612 806 827 847 orationis
858 807 948 846 vim
990 810 1035 846 et
1065 807 1333 858 gravitatem
1364 810 1572 847 constare
1602 807 1649 847 in
1680 817 1745 856 eo,

231 875 350 925 quod
381 886 496 925 quae
529 876 696 925 singuli
735 876 977 926 loquuntur
1006 876 1123 915 inter
1160 886 1209 914 se
1248 886 1432 926 prorsus
1464 876 1670 926 opposita
1701 878 1746 914 et

230 943 453 983 contraria
504 946 621 992 sunt,
672 954 762 983 non
812 946 893 992 est,
944 943 1064 996 quod
1113 945 1267 985 multis
1316 944 1464 985 verbis
1513 955 1744 995 exponam.

230 1012 381 1060 Quare
414 1015 625 1051 converto
657 1023 730 1051 me
762 1013 817 1051 ad
849 1014 1197 1063 oppugnandam
1235 1025 1335 1053 eam
1367 1024 1566 1062 causam,
1610 1024 1743 1064 quam

232 1080 507 1120 Ahrensium
539 1080 816 1130 permovisse
848 1081 988 1129 video,
1020 1085 1070 1120 ut
1100 1081 1308 1121 Mercurii
1338 1082 1475 1121 verba
1506 1082 1743 1121 omitteret.

232 1149 415 1198 Nempe,
448 1159 563 1199 quae
605 1152 674 1187 est
705 1149 787 1187 viri
830 1148 1077 1188 doctissimi
1110 1150 1344 1199 diligentia
1391 1150 1435 1188 in
1474 1148 1743 1199 usurpandis

231 1216 440 1256 omnibus
471 1216 535 1256 rei
559 1216 737 1255 criticae
769 1215 994 1266 subsidiis,
1027 1217 1083 1257 ad
1114 1217 1378 1258 firmandam
1405 1227 1534 1257 suam
1564 1220 1743 1257 senten-

231 1287 341 1325 tiam
382 1285 572 1326 adscivit
613 1296 727 1336 quae
771 1289 949 1325 exstant
979 1286 1115 1326 schol.
1148 1287 1203 1326 ad
1233 1298 1271 1326 V.
1304 1282 1381 1327 92:
1425 1278 1524 1339 πρὸς
1560 1278 1743 1335 τούτους,

228 1348 352 1408 ἤγουν
381 1346 480 1401 τοὺς
510 1354 646 1406 νομεῖς
665 1348 740 1392 καὶ
767 1345 837 1391 τὸν
858 1349 1055 1405 Πρίαπον,
1086 1348 1202 1395 οὐδὲν
1233 1349 1384 1404 ἔλεξεν,
1414 1348 1509 1394 ἀντὶ
1527 1351 1599 1392 τοῦ
1628 1347 1742 1392 οὐδὲν

231 1415 481 1474 ἀπεκρίνατο
527 1413 547 1460 ὃ
592 1414 800 1471 βουκόλος.
861 1421 920 1459 At
957 1422 1117 1461 accidit
1162 1422 1432 1461 scholiastae
1473 1422 1513 1461 h.
1543 1422 1568 1461 l.
1610 1421 1741 1468 idem,

230 1490 350 1541 quod
393 1490 435 1529 ei
478 1489 695 1529 accidisse
739 1492 923 1538 apparet
968 1490 1023 1528 ad
1064 1490 1119 1530 id.
1150 1490 1219 1530 IX.
1248 1486 1321 1529 33:
1371 1479 1537 1544 ἧστινος
1572 1483 1683 1544 ᾠδῆς
1721 1500 1741 1527 ο

230 1549 342 1605 οἶκος
368 1550 467 1604 ’ὅλος
497 1554 650 1608 γένοιτο
682 1550 863 1609 πλήρηςέ
906 1550 998 1596 οὔτε
1026 1550 1106 1610 γὰρ
1134 1550 1262 1605 ὕπνος
1302 1550 1400 1611 ἡμῖν
1429 1550 1741 1609 γλυκερώτερος,

229 1619 324 1666 οὔτε
355 1618 401 1666 τὸ
434 1621 505 1679 ἔαρ
543 1620 740 1678 ἐξαίφνης
771 1616 897 1666 ἐλῖῖὸν
930 1620 1161 1676 (τοσοῦτον)
1193 1618 1336 1678 γλυκὺ,
1365 1617 1460 1665 ὅσον
1491 1616 1517 1679 ἡ
1550 1633 1740 1678 μουσουρ-

227 1691 309 1747 γία.
369 1695 482 1734 Nam
535 1694 914 1745 quemadmodum
964 1695 1053 1733 illic
1089 1695 1299 1733 Mercurii
1350 1695 1601 1733 orationem
1651 1703 1742 1731 non

230 1763 461 1815 spectavit,
512 1764 577 1803 ita
625 1763 697 1802 hic
742 1762 941 1812 neglexit
984 1762 1120 1802 verba
1164 1755 1257 1803 οὔτε
1302 1758 1514 1815 μελίσσαις
1556 1754 1742 1807 diffisum)

319 1897 349 1941 *)
374 1896 471 1931 Item
494 1894 584 1929 mihi
609 1895 667 1929 vir
697 1894 941 1929 doctissimus
975 1904 1050 1929 non
1076 1896 1180 1928 recte
1214 1904 1306 1929 usus
1345 1904 1431 1929 esse
1456 1893 1608 1928 videtur
1634 1892 1741 1927 scho-

226 1955 360 1989 liastae
386 1954 515 1988 verbis
542 1953 590 1986 ad
614 1952 663 1986 id.
689 1951 754 1985 IX.
779 1953 822 1986 49
855 1953 904 1994 (v.
928 1951 973 1985 43
999 1952 1057 1986 ed.
1077 1953 1195 1994 Ahr.).
1243 1951 1395 1986 Putavit
1421 1950 1530 1990 enim,
1556 1959 1741 1994 gramma-

225 2012 342 2045 ticum
381 2020 449 2054 pro
487 2009 669 2043 infinitivo
703 2008 792 2054 ἔχειν
831 2008 974 2052 legisse
1011 2007 1252 2052 participium
1279 2007 1381 2054 ἔχων;
1421 2009 1460 2041 at
1496 2016 1578 2041 meo
1599 2004 1744 2049 judicio

230 2069 349 2103 falsus
375 2071 444 2103 est.
493 2066 589 2101 Nam
616 2067 647 2100 si
679 2066 764 2109 ipsa
788 2067 906 2100 verba
932 2065 1159 2100 scholiastae
1193 2066 1259 2109 (τίς
1281 2066 1437 2101 τοσαῦτα
1461 2064 1560 2110 ἔχων,
1583 2059 1652 2098 ὅσα
1675 2060 1745 2107 ἐγώ

228 2126 299 2171 ἔχω
324 2124 495 2170 δηλονότι,
533 2121 634 2169 ἀφεὶς
656 2124 768 2159 ταῦτα
792 2122 981 2166 προέλοιτο,
1017 2118 1122 2167 ἤγουν
1147 2121 1334 2166 προκρίνοι,
1361 2121 1464 2157 οἰκεῖν
1482 2118 1663 2157 θάλασσαν
1688 2118 1746 2154 καὶ

230 2180 402 2227 uuum-rm)
430 2181 649 2215 accuratius
676 2179 993 2219 consideraveris,
1019 2177 1230 2222 apparebit,
1252 2177 1397 2222 opinor,
1414 2176 1634 2216 clarissime,
1660 2185 1744 2209 eum

227 2238 412 2273 infinitivo
431 2238 536 2274 οἰκεῖν
556 2237 717 2271 alterum
742 2236 964 2270 infinitivum
983 2235 1073 2281 ἔχειν
1093 2235 1313 2280 explicasse.
1349 2235 1478 2268 Verba
1496 2235 1621 2267 autem
1647 2240 1745 2275 quae

228 2296 459 2330 antecedunt
483 2295 548 2336 τίς
571 2294 767 2331 τοσαῦτα
793 2292 899 2340 ἔχων
923 2292 1037 2338 longe
1063 2293 1165 2327 aliud
1190 2292 1282 2337 quid
1307 2294 1421 2336 atque
1446 2288 1656 2325 Ahrensius
1679 2298 1743 2323 vo·

229 2353 298 2386 luit
335 2353 505 2386 indicare
542 2352 730 2386 videntur.
786 2350 1025 2385 Conferenda
1062 2350 1160 2384 enim
1198 2352 1286 2384 sunt
1323 2359 1406 2384 cum
1438 2347 1568 2393 glossa
1601 2345 1743 2381 codicis

229 2409 271 2444 L.
321 2409 450 2446 ἕνεκα
502 2407 735 2445 τοσούτων.
802 2408 1009 2444 Praeterea
1064 2407 1317 2453 reputandum
1365 2409 1443 2447 est,
1500 2404 1743 2439 scholiastam

226 2477 350 2512 neque
399 2480 446 2502 κα
492 2476 615 2510 neque
663 2479 721 2503 κεν
776 2466 946 2510 legisse,
997 2465 1307 2509 quandoquidem
1355 2463 1436 2497 solo
1487 2461 1657 2506 optativo
1704 2461 1743 2494 in

224 2523 543 2569 interpretatione
598 2533 689 2556 usus
738 2527 806 2557 est.
872 2522 973 2556 Nihil
1028 2522 1147 2567 igitur
1196 2521 1319 2564 magis
1367 2519 1609 2563 perspicuum
1656 2527 1743 2552 esse

226 2585 318 2628 puto
350 2591 463 2626 quam
497 2579 700 2623 scripsisse
731 2583 901 2623 poetam:
934 2578 985 2620 τίς
1014 2575 1085 2625 κήκ
1115 2578 1225 2614 τῶνδε
1253 2574 1436 2614 θάλασσαν
1469 2576 1560 2622 ἔχειν
1594 2574 1653 2611 καὶ
1689 2574 1744 2618 (id

227 2643 333 2676 recte
379 2637 591 2674 Ahrcnsius
643 2637 829 2680 reposuit)
888 2636 1026 2682 κύμαθ’
1079 2635 1200 2673 ἕλοιτο.
1270 2633 1493 2679 Significant
1541 2634 1660 2668 verba
1705 2631 1747 2668 ἐκ

224 2699 347 2734 τῶνδεε
376 2698 409 2731 in
436 2697 523 2730 talia
549 2705 670 2729 rerum
697 2693 917 2733 condicione,
945 2704 1019 2738 pro
1045 2694 1108 2727 tali
1132 2703 1253 2727 rerum
1279 2694 1392 2731 statu,
1418 2691 1521 2735 quod
1545 2691 1588 2724 h„
1606 2689 1628 2723 1.
1654 2688 1745 2722 nihil

225 2753 328 2789 aliud
354 2756 414 2788 est
439 2753 513 2787 nisi
547 2753 635 2787 talia
660 2762 765 2797 quum
798 2749 997 2795 offerantur
1029 2750 1090 2786 vel
1115 2750 1202 2785 talia
1236 2760 1338 2794 quum
1363 2748 1497 2783 habere
1513 2746 1641 2791 possit.
1690 2743 1746 2781 of.

226 2811 340 2855 Soph.
382 2812 440 2855 Aj.
480 2810 557 2845 537.
591 2810 670 2845 823.
721 2808 857 2842 Trach.
895 2808 993 2842 1109.
1042 2807 1130 2842 Eur.
1167 2806 1268 2842 Med.
1307 2807 1386 2841 459.
1435 2804 1614 2839 Androm.
1659 2804 1747 2838 1184

229 2880 403 2915 quaeque
443 2872 481 2904 et
507 2869 554 2904 de
592 2869 662 2903 hac
700 2866 861 2902 formula
892 2867 931 2900 et
957 2866 1003 2900 de
1040 2865 1226 2900 similibus
1252 2865 1428 2900 dixerunt
1452 2862 1585 2899 Matth.
1612 2863 1645 2907 ς.
1669 2862 1747 2897 57⁴.
