1911 3215
919 99 977 143 56

196 220 243 260 in
274 219 443 260 deliciis
484 214 709 266 habent*).
768 218 832 257 De
865 217 1087 257 sententia
1118 215 1168 256 cf.
1200 215 1256 256 id.
1286 215 1416 256 XXII.
1445 211 1524 255 42:
1568 209 1705 259 62eroe

197 282 235 328 τ’
273 276 417 341 εὐώδη,
447 283 614 336 λασίαις
643 283 744 340 φίλα
783 283 882 339 ἔργα
914 281 1126 339 μελίσσαις
1156 288 1201 325 et
1230 285 1364 335 Verg.
1396 284 1473 325 ecl.
1504 284 1595 325 VII.
1626 280 1702 325 37:

198 358 382 406 „Nerine
395 353 620 405 Galatea,
662 357 814 406 thymo
857 356 967 395 mihi
1004 355 1173 395 dulcior
1202 351 1411 404 Hyblae.“
1470 355 1706 394 Praeterea

200 439 223 465 e
254 438 292 465 V.
314 422 371 465 36
403 427 516 465 duos
546 425 771 464 faciendos
802 427 922 473 puto.
993 424 1039 462 Id
1072 423 1230 462 suadet
1260 433 1350 461 non
1382 422 1527 461 solum
1549 423 1706 461 Eusta-

198 495 320 535 thius
344 489 408 535 10.
429 489 457 534 6
489 497 532 533 et
564 488 683 533 1656.
706 488 783 532 57:
816 483 887 541 οὓς
916 483 959 532 οὔ
988 488 1233 546 προσορῶσιν
1263 486 1308 531 αἱ
1328 486 1506 541 Μοῦσαι,
1536 483 1705 539 τοὺτους

199 561 311 615 ποτῷ
343 557 551 615 δηλήσατο
581 558 731 615 Κίρκη,
762 573 918 600 verum
950 562 1086 600 etiam
1118 562 1361 600 scholiasta
1392 560 1448 598 ad
1479 571 1516 598 V.
1537 555 1613 598 35:
1645 551 1704 607 οἷς

201 629 275 686 μέν
305 629 395 671 ἐστε
425 627 564 684 φίλαι,
608 618 639 669 ὦ
670 626 854 679 Μοῦσαι,
893 625 1120 683 χαίρουσιν·
1161 625 1307 669 ἐκεῖνοι
1337 623 1401 679 δὲ,
1441 620 1630 676 οὕστινας
1659 619 1701 667 οὐ

202 696 479 753 προσβλέπετε
491 697 545 747 **)
578 692 778 751 δηλονότι,
810 692 880 738 διὰ
908 695 979 737 τοῦ
1009 695 1136 737 ποτοῦ
1157 694 1338 749 ἔβλαψεν
1368 689 1553 751 ἡΚίρκη
1575 700 1619 736 et
1650 696 1705 736 ad

203 782 240 810 v.
271 765 349 809 36:
383 760 451 817 οὓς
491 764 536 808 δὲ
575 761 767 820 οὐδαμῶς
796 759 937 820 ὁρῶσι,
969 759 1156 821 δηλονότι
1184 760 1259 806 καὶ
1288 761 1629 815 έπισκέπτονται,
1660 759 1704 805 αἱ

200 835 380 886 Μοῦσαι,
410 830 578 883 τούτους
599 829 829 890 έδηλήσατο
851 830 925 875 καί
944 832 1126 886 ἔβλαψεν
1145 826 1173 887 ἢ
1192 829 1328 886 Κίρκη
1358 829 1491 886 ποτῷξ,
1521 830 1706 873 τουτέστι

197 897 265 943 διὰ
295 902 369 943 τοῦ
400 901 604 950 κυκεῶνος
632 900 703 941 τοῦ
734 895 1051 955 φαρμακώὸους.
1124 903 1219 942 Hos
1252 902 1491 954 quominus
1521 911 1703 941 versum

195 973 416 1024 perditum
446 973 673 1012 invenisse
706 973 956 1020 credamus,
986 972 1204 1034 prohibet,
1234 975 1285 1010 ut
1313 971 1500 1019 videtur,
1531 971 1704 1020 adjecta

196 1042 355 1081 vocula
385 1034 586 1094 δηλονὸτι,
617 1041 824 1091 legerunt
854 1044 1005 1080 tamen
1036 1052 1125 1080 non
1155 1033 1275 1087 τώςδ’
1312 1040 1383 1079 vel
1418 1032 1500 1087 τὼς
1529 1032 1562 1078 δ’
1601 1031 1703 1088 οὔτι,

200 1109 278 1148 sed
308 1101 392 1155 τὼς
422 1102 459 1147 δ’
497 1097 605 1148 αὖτε.
657 1109 811 1160 Itaque
843 1118 1000 1148 versus
1032 1108 1096 1148 sic
1128 1107 1386 1148 scribendos
1419 1117 1520 1148 esse
1550 1107 1704 1147 verisi-

197 1177 299 1215 mile
333 1180 422 1215 est:

1121 1243 1181 1291 οὓς
1206 1247 1268 1295 μὲν
1295 1245 1406 1295 ὁρῆτε,

493 1307 657 1351 γαὲεῦσιν
660 1329 1412 1341 ..............

610 1389 618 1397 ,
666 1361 734 1402 τώς
758 1357 789 1397 δ’
818 1353 902 1397 αὖτε
924 1361 1020 1408 ποτῷ
1053 1359 1230 1398 δαλοὶσατο
1255 1362 1381 1408 Κίρκα.

193 1447 341 1497 „Quos
373 1446 612 1497 adspicitis,
644 1458 669 1485 o
700 1446 870 1494 Musae,
901 1447 1136 1495 laetantur,
1168 1458 1194 1486 a
1225 1448 1387 1499 quibus
1418 1450 1570 1487 autem
1601 1456 1704 1486 ocu-

197 1516 265 1555 los
296 1518 471 1555 vestros
504 1515 720 1562 avertitis,
752 1515 796 1553 hi
828 1515 891 1553 illi
922 1519 1045 1562 sunt,
1078 1527 1190 1566 quos
1221 1520 1329 1566 potu
1359 1516 1539 1555 laeserit
1570 1515 1704 1562 Circe,

195 1583 218 1622 i.
252 1587 292 1621 e.'
318 1583 364 1621 hi
394 1583 671 1632 voluptatum
709 1582 930 1621 illecebris
963 1582 1060 1633 capi
1090 1594 1139 1622 se
1170 1581 1434 1633 patiuntur“.
1473 1583 1703 1623 Sententia

192 1651 377 1690 relativa
417 1651 639 1701 incepisse
670 1651 847 1689 videtur
887 1662 912 1689 a
941 1651 1159 1701 particula
1190 1647 1257 1700 δέ,
1298 1652 1361 1691 ita
1400 1655 1449 1691 ut
1480 1654 1704 1691 structura

193 1720 350 1759 eadem
380 1719 513 1760 fuerit
543 1723 676 1771 atque
708 1719 890 1759 Hesiod.
923 1731 989 1769 op.
1013 1723 1059 1759 et
1091 1719 1144 1760 di.
1165 1714 1251 1759 298
1270 1731 1333 1772 sq.
1361 1712 1411 1768 ’ὃς
1439 1716 1486 1760 δέ
1513 1732 1563 1760 κε
1593 1712 1696 1773 μήτ’

192 1780 318 1835 αὐτὸς
346 1784 465 1840 νοέῃ,
496 1781 596 1842 μήτ’
634 1781 760 1827 ἄλλου
792 1780 954 1826 ἀκούων
992 1783 1033 1827 έν
1062 1784 1186 1840 Ξῖυμῷ
1215 1781 1444 1841 βάλληται,
1472 1779 1496 1827 ὃ
1528 1781 1563 1827 δ’
1601 1775 1694 1827 αὖτ’

196 1849 366 1911 ἀχρήῐος
410 1850 522 1910 ἀνήρ.
554 1877 610 1882 -—
640 1858 743 1897 Jam
774 1868 880 1896 vero
924 1860 973 1895 ut
1004 1857 1213 1896 accedam
1255 1857 1311 1896 ad
1342 1856 1612 1908 Vergilium,
1662 1857 1701 1897 is

190 1926 274 1966 tria
324 1926 436 1965 haec
486 1925 638 1977 idyllia
689 1925 906 1976 spectavit
955 1925 999 1965 in
1052 1926 1128 1965 ecl.
1158 1925 1201 1965 V
1239 1929 1284 1965 et
1313 1926 1381 1965 IX.
1440 1926 1534 1966 Illic
1583 1927 1702 1966 enim

189 1994 336 2044 Mopsi
385 1997 429 2033 et
458 1984 690 2033 Menalcae
737 1994 934 2034 carmina
977 1995 1072 2045 pari
1117 1994 1398 2045 longitudine
1440 1995 1702 2045 composuit,

189 2063 262 2101 hic
283 2063 327 2101 in
349 2063 600 2112 pangendis
622 2063 798 2110 odariis‚
828 2073 942 2113 quae
963 2063 1177 2112 leguntur
1196 2072 1284 2103 vss
1306 2059 1488 2103 23—25.
1519 2059 1701 2103 27—29.

189 2126 370 2169 39—43.
410 2125 582 2168 46—50
627 2130 962 2180 elegantissime
1009 2131 1073 2170 sic
1119 2131 1382 2179 elaboravit,
1421 2134 1471 2170 ut
1514 2142 1700 2172 numero

188 2209 401 2238 versuum
431 2199 623 2249 primum
656 2199 804 2246 alteri,
834 2199 1016 2237 tertium
1049 2203 1222 2250 quarto,
1255 2203 1519 2250 argumento
1548 2203 1700 2240 autem

186 2268 378 2318 primum
408 2269 551 2315 tertio,
574 2257 740 2319 'quarto
763 2268 1010 2307 secundum
1030 2269 1344 2319 responderet;
1377 2281 1482 2309 nam
1508 2264 1701 2320 primum

189 2339 233 2374 et
262 2336 444 2374 tertium
475 2347 501 2374 a
521 2336 756 2375 Theocrito
789 2337 1025 2385 transtulit,
1057 2338 1242 2378 secundi
1274 2341 1319 2378 et
1347 2338 1491 2390 quarti
1523 2340 1700 2377 senten-

187 2404 297 2444 tiam
329 2405 384 2444 ad
416 2405 731 2445 describendas
761 2407 833 2445 vel
865 2418 970 2447 suas
1001 2408 1073 2447 vel
1103 2408 1256 2458 populi
1278 2407 1468 2447 Romani
1500 2417 1572 2446 res
1604 2406 1700 2457 ipse

187 2473 368 2512 invenit.

277 2594 310 2637 *)
330 2593 510 2628 Fortasse
528 2594 695 2639 μελισσᾶν
715 2591 823 2630 ἄνὲτεα
840 2595 1055 2640 significare
1077 2594 1190 2630 etiam
1209 2597 1370 2640 possunt
1388 2605 1530 2632 succum
1549 2597 1572 2632 i.
1587 2608 1618 2633 e.
1632 2598 1703 2634 mel

187 2652 229 2685 ab
266 2652 391 2696 apibus
427 2662 446 2685 e
479 2651 630 2695 floribus
656 2651 847 2685 collectum.
896 2653 993 2687 Vide
1020 2653 1066 2687 de
1104 2653 1175 2686 hac
1200 2653 1372 2688 vocabuli
1410 2650 1518 2690 &vitea
1555 2655 1697 2699 signifi·

189 2707 337 2741 catione
363 2708 571 2742 Ameisium
596 2708 692 2742 Adn.
719 2718 754 2751 p.
781 2708 823 2741 47
851 2710 888 2742 et
925 2710 971 2743 de
1011 2709 1144 2743 eadem
1181 2709 1408 2745 substantivi
1444 2711 1558 2755 flores
1581 2711 1699 2756 Verg.

187 2762 326 2809 Georg.
352 2764 416 2798 IV.
443 2766 485 2800 39
513 2765 610 2810 Spic.
636 2777 671 2810 p.
698 2766 740 2800 37
768 2775 823 2808 sq.

275 2821 324 2864 **)
349 2822 585 2869 προσβλέπετε
612 2825 650 2858 et
675 2822 826 2869 ἔβλαψεν
852 2822 992 2867 scripsi
1018 2833 1038 2857 e
1065 2824 1254 2858 sententia
1279 2824 1414 2860 Geelii.
