1911 3215
982 93 1038 140 18

248 214 516 259 nominatus,
546 214 865 253 Phrasidamus
896 210 941 251 e't
960 213 1211 262 Antigenes
1240 212 1412 261 fratres,
1441 214 1632 264 Lycidas
1651 221 1754 255 cum

230 281 521 339 sAgeanacte,
552 289 821 334 quamquam
851 280 1011 331 prioris
1041 289 1206 321 nomen
1237 282 1390 322 netum
1419 281 1561 322 videri
1595 285 1754 334 potest,

229 349 465 389 incertum
496 351 615 389 veris
637 361 693 389 an
714 350 826 388 fictis
847 349 1064 397 Eucritus,
1096 350 1328 399 Amyntas,
1359 348 1533 399 Aristis,
1562 359 1591 389 a
1610 352 1754 401 patria

220 407 392 458 'vocati
423 418 723 458 Acharnensis
754 416 827 457 ille
860 420 905 458 et
935 418 1184 469 Lycopites‚
1214 419 1317 458 ficto
1349 419 1531 459 nornine
1551 419 1751 470 Tityrum

211 525 213 528 .
247 491 392 527 semet
421 488 567 539 ipsum
597 491 729 538 poeta
759 485 1030 528 Simichidae
1074 488 1254 528 nomine
1294 488 1565 540 significavit
1605 495 1754 530 suam-

247 569 332 609 que
363 558 552 597 amicam
582 557 728 606 Myrto
759 557 1008 607 appellavit.
1069 558 1198 607 Quod
1227 566 1335 598 vero
1374 561 1420 597 et
1464 566 1514 597 se
1553 560 1599 598 et
1626 553 1752 608 Lyci·

246 627 348 665 dam
380 636 479 665 cum
512 625 799 673 Acharnensi,
843 626 1057 676 Lycopita
1085 630 1132 665 et
1160 627 1313 677 Tityro
1342 629 1572 677 pastorum
1601 625 1752 676 specie

224 695 424 743 induxit,
456 705 509 733 ea
539 704 586 734 re
607 693 765 734 Musae
797 694 1024 734 bucolicae
1045 694 1302 735 facultatem
1328 695 1582 746 significare
1600 693 1751 734 voluit.

244 764 445 815 Denique
495 774 631 815 quum
674 767 824 813 aperte
871 759 1109 803 laudentur
1149 771 1188 801 v.
1219 759 1278 802 39
1305 772 1400 815 sqq.
1468 764 1665 803 Philetas
1707 765 1753 802 et
1833 811 1836 812 ⁷

243 833 545 883 Asclepiades,
576 836 693 872 tecte
734 832 980 883 castigatur
1007 829 1064 872 45
1095 843 1189 884 sqq.
1212 833 1308 872 sive
1338 832 1603 883 Apollonius
1633 833 1751 872 Rho-

243 902 342 941 dius
374 902 468 940 sive
500 901 754 951 Antagoras
784 901 984 941 Rhodius
1016 901 1110 941 sive
1142 901 1393 954 quicunque
1431 900 1750 953 intelligendus

243 974 322 1011 est.
383 972 529 1020 Quum
562 971 681 1009 enim
711 981 801 1010 non
831 971 874 1010 id
906 971 946 1010 h.
977 970 1003 1010 l.
1035 980 1183 1021 agam,
1230 974 1279 1010 ut
1308 972 1419 1010 haec
1455 971 1637 1010 uberius
1678 979 1749 1008 ex-

241 1035 413 1089 plicem,
445 1038 555 1079 satis
586 1038 731 1078 habeo
752 1038 963 1079 laudasse
985 1049 1039 1079 ea
1060 1048 1173 1091 quae
1193 1039 1398 1079 dixerunt
1418 1039 1473 1079 de
1492 1039 1577 1078 hoc
1597 1035 1750 1087 idyllio

242 1108 573 1147 Wuestemann.
604 1108 649 1146 in
690 1119 799 1158 arg„
843 1108 1055 1148 Fritzsch.
1094 1118 1132 1158 p.
1163 1104 1190 1146 3
1237 1118 1347 1159 sqq,
1392 1107 1558 1147 Ameis.
1589 1105 1749 1145 Adnot.

185 1166 187 1168 ’
240 1188 279 1226 p.
298 1171 358 1215 38
388 1186 450 1227 sq.
474 1180 518 1215 et
548 1177 660 1215 Ann.
692 1176 794 1226 phil.
818 1180 862 1215 et
891 1177 1017 1226 paed.
1038 1177 1062 1216 l.
1088 1177 1112 1215 l.
1133 1189 1171 1226 p.
1195 1173 1300 1224 197„
1330 1176 1508 1216 Hauler.
1537 1187 1577 1225 p.
1597 1170 1626 1212 7
1656 1183 1749 1224 sqq.

241 1244 403 1297 quique
452 1248 684 1295 praeterea
734 1245 789 1284 ab
840 1245 911 1284 his
971 1245 1179 1285 omnibus
1240 1244 1576 1285 commemorati
1634 1245 1749 1282 sunt.

238 1314 555 1353 Memorabiles
586 1316 819 1363 praeterea
846 1317 954 1368 ,sunt
983 1314 1071 1353 duo
1102 1314 1199 1361 loci,
1229 1314 1275 1352 in
1307 1314 1469 1364 quibus
1500 1315 1633 1362 poeta
1651 1312 1748 1361 ipse

240 1381 579 1432 ambiguitatem
611 1380 793 1420 molitus
826 1390 927 1421 esse
957 1378 1144 1421 videtur.
1203 1382 1317 1421 Nam
1348 1381 1466 1432 quod
1497 1381 1552 1420 de
1588 1380 1642 1419 id.
1675 1379 1745 1418 ΙΙΙ.

238 1462 276 1490 v.
307 1447 363 1488 35
396 1451 504 1489 dixit
534 1450 824 1497 Fritzschius,
870 1450 934 1488 ita
962 1450 1141 1500 probari
1171 1459 1304 1499 posse
1345 1449 1534 1496 videtur,
1581 1447 1619 1485 si
1660 1449 1747 1486 sta-

238 1518 417 1566 tuimus,
448 1518 625 1557 tertiam
647 1517 762 1557 hanc
783 1527 882 1557 esse
906 1517 1130 1557 Theocriti
1153 1516 1344 1557 amicam
1364 1521 1409 1557 et
1430 1526 1536 1556 casu
1555 1515 1747 1567 quodam

237 1587 355 1626 felici
387 1586 574 1625 ean-dem
606 1597 760 1625 vocem
791 1581 980 1638 ἐριῖΐακίς
1011 1589 1251 1626 et'nomen
1283 1590 1327 1626 et
1356 1596 1539 1636 operam
1569 1584 1744 1634 puellae

238 1655 528 1706 significasse.
589 1654 636 1693 Id
668 1654 787 1694 enim
818 1654 858 1693 si
887 1655 984 1693 fieri
1014 1655 1214 1704 potuisse
1246 1651 1484 1698 credimus.
1516 1650 1748 1703 explentur

219 1735 300 1771 rea,
333 1734 446 1775 quae
466 1723 710 1773 postulavit
731 1723 784 1762 de
807 1721 1081 1773 amphibolia
1102 1721 1403 1773 Quintilianus
1425 1723 1495 1762 VI.
1516 1718 1554 1762 3.
1574 1717 1630 1761 47
1653 1729 1745 1771 sqq.

220 1777 231 1841 ζ’
236 1793 361 1833 Alter
380 1793 505 1831 locus
528 1795 596 1831 est
617 1792 672 1831 id.
694 1792 785 1831 VII.
807 1799 844 1832 v.
867 1787 960 1840 125,
989 1788 1035 1830 'in
1055 1803 1143 1842 quo
1163 1791 1449 1831 scribendum
1472 1798 1574 1829 esse
1591 1799 1617 1828 e
1637 1789 1747 1827 Jun-

144 1901 161 1914 „
219 1861 330 1900 ÷tina
362 1863 406 1900 et
435 1859 575 1899 altera
595 1859 863 1899 scholiastae
892 1859 1083 1900 lectione
1106 1851 1254 1912 μολών,
1286 1870 1386 1899 cum
1408 1857 1631 1898 Ahrensio
1649 1864 1744 1895 cer-

214 1932 331 1968 tum
363 1928 519 1975 habeo,
550 1927 868 1978 intelligendus
900 1931 1053 1967 tamen
1081 1931 1155 1968 est
1183 1920 1352 1977 Μόλων,
1384 1936 1517 1978 quem
1549 1935 1649 1965 cum
1678 1923 1744 1963 Si-

212 1997 218 2040 i
236 2009 369 2036 mone
392 1998 633 2036 scholiasta
654 1998 780 2036 Arati
800 1998 985 2035 rivalem
1006 1998 1219 2037 nominat.
1269 1996 1572 2034 Pulcherrima
1591 1995 1744 2032 autem

236 2066 277 2105 h.
298 2066 323 2105 l.
344 2065 569 2106 invenitur
599 2066 872 2117 amphibolia
899 2069 944 2106 et
964 2076 1064 2106 curn
1086 2068 1309 2107 structura
1329 2075 1486 2105 versus
1507 2059 1743 2103 artificiose

239 2144 447 2174 connexa.
487 2136 610 2183 Quae
630 2139 861 2184 praeterea
882 2137 970 2174 huc
990 2139 1219 2174 traxerunt
1236 2135 1320 2173 viri
1343 2134 1470 2181 docti,
1492 2132 1613 2172 omni
1633 2131 1744 2170 veri-

236 2203 341 2243 tatis
364 2203 511 2255 specie
534 2203 746 2244 destituta
762 2208 876 2245 sunt.
920 2205 1033 2244 Nam
1050 2204 1135 2244 etsi
1152 2204 1207 2253 id,
1229 2204 1267 2244 si
1284 2207 1411 2244 caute
1428 2200 1743 2253 interpreteris,

237 2274 500 2321 reprehendi
517 2284 605 2311 non
622 2277 780 2322 potest,
804 2273 920 2323 quod
937 2274 1116 2312 Hauler.
1134 2285 1172 2323 p.
1190 2269 1247 2312 29
1267 2273 1320 2311 de
1338 2270 1490 2321 idyllio
1506 2268 1605 2309 XIV
1624 2269 1742 2313 dixit,

236 2340 483 2390 Thyonichi
512 2351 704 2392 persona
735 2342 1017 2382 Theocritum
1050 2353 1098 2382 se
1130 2342 1277 2393 ipsum
1323 2340 1592 2393 significare,
1638 2346 1742 2388 quo-

236 2410 356 2448 niam
386 2409 513 2458 plura
544 2410 605 2448 ibi
635 2410 857 2460 leguntur,
887 2421 1003 2462 quae
1035 2411 1182 2460 magis
1214 2412 1376 2459 poetae
1408 2418 1542 2458 quam
1572 2405 1742 2445 homini

237 2476 487 2516 humilioris
517 2477 697 2525 ordinis,
729 2489 753 2517 e
784 2477 933 2518 Sicilia
964 2478 1161 2526 oriundo,
1194 2476 1374 2527 cognita
1404 2474 1542 2515 fuisse
1563 2473 1742 2513 videan—

234 2543 366 2594 tur*),
407 2549 558 2585 tamen
589 2554 769 2595 prorsus
799 2535 1100 2597 respuendum
1138 2549 1228 2594 est,
1265 2545 1388 2597 quod
1426 2545 1544 2584 idem
1575 2542 1742 2583 Justini

234 2615 331 2653 loco
364 2612 488 2662 (XIII.
519 2609 562 2662 4)
595 2613 818 2662 inductus,
858 2627 896 2665 p.
927 2611 982 2654 61
1015 2626 1077 2667 sq.
1108 2617 1197 2654 not.
1229 2608 1255 2652 3
1295 2613 1486 2664 putavit,
1528 2611 1609 2652 sub
1651 2609 1741 2650 divi

236 2681 445 2728 Comatae
461 2691 654 2732 persona
673 2681 743 2730 (id.
761 2681 852 2721 VII.
867 2676 924 2722 78
943 2677 1052 2736 sqq.)
1071 2683 1312 2722 Hieronem
1332 2682 1556 2723 celebrari.
1585 2680 1739 2730 Neque

327 2824 359 2866 *)
385 2823 547 2857 Nimium
570 2824 661 2858 mihi
687 2824 745 2858 vir
771 2824 905 2859 doctus
923 2836 958 2869 p.
976 2826 1020 2859 30
1037 2835 1059 2859 e
1077 2833 1154 2859 νεα.
1173 2825 1308 2860 68-70
1327 2824 1559 2860 conclusisse
1577 2823 1739 2858 videtur.

1893 1539 1909 1720 25

1900 2549 1910 2588 uva.
1893 2186 1911 2492 .1„·.·‹1›2—..»³a=1'==8..>.2.,ffl1·.
1910 2140 1911 2143 „
1907 2123 1910 2127 .
1899 2057 1911 2104 ...w-e
1896 1994 1905 2047 au-w
1901 1956 1905 1979 n
1903 1904 1911 1933 Α,
1899 1853 1911 1894 „221
1900 1815 1908 1844 nv».
1900 1766 1902 1768 -
1898 1728 1905 1735 ι
