1911 3215
933 182 962 227 6

202 308 376 344 constat
404 305 474 343 vel
508 315 559 343 cx
590 305 642 344 iis
680 303 807 351 locis,
854 311 964 354 quos
1003 306 1327 351 congesserunt
1357 303 1486 343 Jahn.
1529 306 1585 348 ad
1617 306 1702 347 Cic.

198 376 316 415 Brut.
348 372 384 422 ἓ.
414 370 480 415 46.
510 375 664 414 Notter
695 374 738 412 in
769 370 1124 421 Prolegomenis‚
1166 383 1280 422 quae
1310 373 1560 422 praemissa
1599 379 1704 419 sunt

199 442 478 482 translationi
496 442 784 482 Germanicae
802 443 917 491 poet.
932 439 1085 479 Graec.
1107 440 1203 482 buc.
1225 440 1280 481 ab
1303 441 1400 490 ipso
1421 444 1466 480 et
1483 441 1704 486 Moerikio

200 513 428 552 institutae
450 525 489 562 p.
513 508 534 550 1
568 524 617 558 n.,
649 510 826 550 Hauler.
858 511 902 548 in
935 510 1248 548 dissertatione
1280 509 1333 549 de
1357 510 1579 550 Theocriti
1610 511 1704 552 vita.

200 586 244 619 et
274 580 543 619 carminibus
574 591 611 628 p.
641 574 719 625 49„
752 577 922 617 Siculos
955 577 1156 627 inprimis
1189 577 1363 618 dicaces
1385 578 1537 619 fuisse.
1587 579 1702 618 Hinc

200 649 534 699 explicationem
567 648 733 686 habent
758 649 913 688 mutua
933 646 1009 685 illa
1033 646 1151 685 dicta
1173 651 1216 686 et
1237 647 1553 696 cavillationes,
1586 659 1701 699 quae

198 730 276 768 per
306 717 457 766 idyllia
484 717 554 755 IV.
573 717 624 755 V.
646 717 691 755 X.
723 715 874 754 multis
906 715 1013 754 locis
1045 715 1274 765 dispersae
1306 715 1569 766 leguntur*).
1620 716 1701 757 His

200 786 365 825 salibus
397 785 617 827 interdum
649 795 721 822 res
754 783 998 823 obscoenas
1029 782 1248 823 admixtas
1280 784 1430 833 fuisse,
1461 795 1550 824 non
1572 785 1702 824 mira—

200 856 326 902 bitur,
359 854 432 905 qui
465 865 563 893 cum
585 852 827 892 Fritzsehio
860 852 912 890 de
944 854 1058 901 poet.
1082 851 1236 892 Graec.
1268 853 1364 892 buc.
1393 866 1432 903 p.
1466 851 1520 893 17
1548 854 1702 894 memi-

199 924 332 970 nerit,
378 923 421 961 id
454 934 505 961 ex
537 922 691 960 eadem
724 921 808 959 fide
840 920 1131 970 repetendum
1171 932 1291 968 esse,
1337 933 1424 972 qua
1469 925 1601 971 poeta
1645 923 1699 960 ab

199 991 318 1028 omni
356 992 479 1040 parte
521 1000 666 1027 rerum
706 991 911 1027 naturam
952 988 1192 1038 depingere
1239 988 1418 1029 studuit.
1498 989 1700 1029 Eundem

199 1060 429 1099 hominum
474 1059 748 1107 plebejorum
799 1069 930 1096 usum
981 1069 1031 1096 ac
1082 1058 1450 1097 consuetudinem
1499 1059 1702 1098 redolent

202 1127 336 1165 etiam
368 1125 615 1165 sententiae
649 1129 693 1163 et
722 1124 971 1174 proverbia,
1014 1135 1127 1176 quae
1159 1127 1207 1165 ut
1246 1125 1290 1163 in
1332 1125 1513 1177 reliquis
1554 1126 1616 1164 ita
1656 1126 1700 1165 in

201 1196 412 1235 bucolicis
445 1194 713 1233 carminibus
746 1206 771 1232 a
793 1194 1026 1232 Theocrito
1058 1193 1313 1244 frequenter
1344 1198 1557 1244 usurpata
1589 1206 1701 1242 esse,

202 1263 402 1303 collectio
435 1262 561 1303 docet
594 1273 618 1300 a
648 1261 890 1301 Fritzscliio
929 1261 952 1300 l.
985 1262 1008 1300 l.
1041 1261 1259 1309 instituta,
1302 1273 1571 1314 quamquam
1612 1274 1701 1302 non

202 1331 521 1381 negligendum
563 1334 649 1377 est,
697 1330 811 1380 quod
853 1329 1009 1369 statuit
1039 1330 1352 1379 Bernhardyus
1390 1332 1441 1370 H.
1479 1332 1523 1370 L.
1564 1331 1634 1370 Gr.
1674 1333 1702 1371 Ι.

201 1414 239 1451 p.
271 1391 325 1439 27
357 1412 419 1451 sq.
441 1394 506 1438 65.
540 1398 603 1437 ed.
636 1399 688 1446 ΙΙ,
724 1397 1055 1448 proverbiorum
1088 1398 1213 1448 eopia
1245 1399 1483 1439 Dorienses
1515 1400 1698 1451 reliquis

202 1469 383 1508 Graecis
423 1468 709 1517 praestitisse.
784 1467 983 1517 Denique
1022 1467 1108 1505 hue
1148 1466 1290 1505 refero
1333 1469 1698 1517 superstitionum

200 1538 322 1578 varia
354 1547 519 1587 genera
557 1535 620 1581 (cf.
659 1538 835 1586 praeter
871 1535 1009 1585 idyllii
1047 1536 1083 1574 II
1120 1537 1260 1574 totam
1297 1540 1468 1586 partem
1508 1537 1699 1586 priorem

200 1608 339 1656 ejusd.
370 1606 423 1646 id.
446 1617 482 1644 V.
505 1602 559 1644 {30
582 1616 642 1655 sq.
682 1605 749 1644 III.
781 1600 837 1644 28
867 1616 958 1655 sqq.
989 1600 1055 1643 31.
1086 1601 1152 1644 37.
1191 1604 1240 1644 V.
1276 1601 1367 1645 121.
1401 1602 1492 1645 123.
1531 1605 1601 1645 VI.
1632 1602 1698 1645 39.

198 1671 416 1723 V11.,126.
476 1676 542 1714 ΙΧ.
573 1670 638 1714 30.
697 1675 784 1714 XII.
815 1670 880 1713 23.
940 1674 1049 1713 XIV.
1080 1669 1170 1721 22),
1210 1674 1430 1724 imagines
1460 1675 1700 1715 maximam

198 1750 368 1795 partem
399 1755 421 1782 e
454 1744 544 1781 vita
575 1743 739 1781 rustica
770 1743 1051 1791 depromptas
1086 1739 1129 1788 (Ι.
1165 1739 1180 1780 l
1210 1753 1271 1792 sq.
1294 1738 1330 1781 7.
1356 1738 1446 1782 146.
1477 1744 1526 1782 II.
1546 1738 1612 1782 38.
1633 1738 1700 1782 55.

197 1808 263 1852 78.
286 1807 351 1852 88.
374 1807 465 1851 106.
490 1807 580 1851 110.
615 1812 679 1850 ΙΙΙ.
702 1807 764 1850 12.
796 1811 866 1849 lV.
888 1806 954 1849 39.
985 1810 1034 1849 V.
1057 1805 1122 1849 29.
1144 1806 1208 1851 92,
1230 1806 1296 1851 94.
1321 1806 1411 1851 136.
1453 1812 1524 1851 VI.
1549 1806 1611 1851 15.
1632 1806 1699 1851 38.

197 1881 288 1920 VII.
320 1876 385 1919 41.
415 1876 482 1919 47.
514 1876 578 1918 97.
630 1879 739 1917 VIII.
767 1875 832 1917 37.
863 1875 928 1917 41.
959 1874 1025 1916 45.
1057 1874 1122 1917 57.
1154 1873 1231 1918 78.»
1251 1874 1413 1919 82.,87.
1468 1880 1535 1919 ΙΧ.
1566 1875 1602 1918 7.
1636 1875 1700 1918 12.

196 1946 261 1990 20.
284 1945 349 1989 31.
371 1945 436 1988 33.
469 1949 516 1987 Χ.
540 1943 602 1988 18.
624 1942 688 1987 28.
719 1948 785 1986 ΧΙ.
809 1943 870 1987 19.
893 1943 958 1987 39.
978 1947 1065 1987 XII.
1082 1943 1119 1987 3.
1141 1948 1291 1988 XVIII.
1310 1942 1375 1988 26.
1393 1944 1463 1995 29)
1487 1951 1530 1988 et
1551 1959 1697 1987 rerum

196 2023 380 2058 naturae
418 2018 744 2066 descriptiones.
795 2017 843 2054 In
875 2017 943 2055 his
974 2020 1107 2066 poeta
1138 2028 1314 2066 semper
1342 2029 1495 2056 eorum
1519 2028 1699 2063 memor,

196 2098 306 2139 quos
336 2086 567 2137 loquentes
600 2085 717 2132 fecit,
750 2085 998 2124 admirabili
1031 2084 1223 2137 quadam
1256 2096 1355 2124 cum
1388 2087 1482 2124 arte
1514 2085 1571 2124 ita
1604 2096 1699 2124 ver-

194 2161 318 2196 satus
351 2160 430 2202 est,
462 2160 508 2193 ut
531 2166 605 2193 cas
633 2155 906 2204 praeteriens
938 2157 1109 2193 tantum
1134 2154 1325 2204 dataque
1347 2155 1582 2194 occasione
1602 2166 1700 2204 pro-

280 2349 307 2387 *j
337 2346 455 2379 Sccna
484 2345 531 2378 id.
559 2344 609 2377 lv
638 2348 674 2378 ct
697 2345 728 2376 V
755 2355 826 2377 non
854 2343 990 2383 Sicilia.
1018 2345 1084 2377 scd
1111 2344 1219 2378 ltalia
1245 2348 1312 2379 cst.
1363 2346 1502 2379 Verum
1527 2350 1652 2379 tamen
1679 2356 1700 2378 a

189 2416 277 2438 vcro
305 2402 496 2437 aberravit
522 2402 721 2441 HaulcruS,
748 2402 811 2445 qui
836 2402 857 2436 l.
884 2402 905 2435 l.
933 2405 970 2435 ct
995 2413 1028 2445 p.
1056 2404 1098 2436 6ss
1125 2403 1236 2436 ctiam
1262 2402 1381 2447 idyllii
1410 2402 1545 2437 decimi
1571 2413 1633 2436 res
1658 2402 1697 2436 in

188 2462 295 2495 ltalia
330 2461 391 2504 agi
425 2460 663 2493 existimavit.
712 2460 902 2503 Reputare
940 2459 1037 2493 enim
1074 2459 1223 2500 debuit,
1267 2460 1317 2493 id.
1342 2460 1370 2492 I.
1397 2459 1459 2492 VI.
1485 2458 1551 2493 IX.
1575 2469 1651 2492 non
1677 2470 1698 2492 a

187 2519 321 2563 patria,
361 2518 426 2552 scd
454 2528 475 2550 a
501 2518 716 2560 pastoribus
743 2518 805 2561 qui
831 2518 1092 2561 producuntur
1118 2520 1183 2551 aut
1208 2517 1450 2551 celebrantur
1475 2527 1629 2550 suavem
1654 2527 1698 2551 ac

187 2580 356 2610 teneram
382 2578 554 2608 naturam
580 2575 773 2616 accepisse
812 2578 849 2608 ct
880 2586 948 2609 ncc
974 2574 1187 2618 Daphnidis
1226 2584 1294 2607 nec
1318 2574 1511 2607 Menalcae
1549 2573 1698 2608 nomina

186 2634 327 2667 usitata
366 2631 638 2666 consuetudine
678 2632 723 2666 de
760 2632 935 2676 mythicis
973 2632 1147 2677 personis
1184 2634 1369 2675 usurpata
1407 2631 1539 2665 decimi
1577 2631 1697 2676 idyllii

188 2690 420 2724 messoribus
447 2688 560 2721 tribui
599 2688 779 2731 potuisse.
828 2689 911 2723 Non
951 2689 1114 2723 attendit
1152 2691 1370 2732 praeterea,
1407 2688 1584 2723 Milonem
1622 2700 1697 2722 non

189 2746 306 2779 solum
331 2746 367 2779 in
395 2747 549 2789 quarto,
590 2746 657 2779 scd
684 2744 795 2779 ctiam
822 2745 858 2780 in
885 2749 1017 2781 octavo
1045 2745 1227 2785 carmine,
1266 2746 1367 2788 quod
1392 2747 1511 2780 totum
1545 2746 1696 2781 Siciliae

190 2806 249 2835 cst
276 2805 323 2844 (v.
340 2804 380 2836 47
410 2804 522 2844 et51).
550 2803 846 2838 commemorari.
895 2803 1105 2837 Fatendum
1131 2807 1190 2836 est
1215 2802 1333 2846 igitur
1361 2813 1443 2837 cum
1471 2803 1694 2841 scholiasta,

190 2859 375 2902 ignorari,
415 2860 478 2893 ubi
505 2870 618 2894 scena
649 2859 771 2903 idyllii
797 2860 931 2894 decimi
968 2861 1187 2904 quaerenda
1225 2860 1283 2894 sit.
1332 2860 1390 2894 De
1429 2860 1553 2904 idyllii
1592 2859 1696 2893 tertii

187 2925 310 2955 scena,
337 2916 438 2957 quod
463 2916 561 2950 idem
586 2928 620 2959 p.
645 2917 689 2950 49
715 2916 865 2950 Siciliae
891 2917 1106 2961 adscripsit,
1133 2916 1231 2951 infra
1257 2918 1569 2955 commemorabo.
