1911 3215
926 157 984 202 79

210 276 343 322 teret,
389 274 524 314 vellet
561 278 764 315 mutuum
803 286 1000 315 amorem
1035 275 1268 325 Nymphae
1307 274 1498 324 injicere.
1557 275 1703 324 Quare

209 341 320 383 nihil
349 342 459 383 mihi
489 343 666 384 obstare
695 344 879 392 videtur,
910 344 1015 395 quin
1044 343 1100 382 id.
1121 344 1141 382 1
1169 355 1208 383 v.
1229 337 1285 381 96
1314 343 1369 391 id,
1399 342 1516 393 quod
1546 351 1703 382 omnes

211 409 302 450 fere
332 411 431 451 libri
467 412 702 463 praebent,
739 405 882 464 M'ffipoe
911 406 985 463 μὲν
1023 403 1208 462 γελόωσα
1235 421 1314 461 pro
1354 420 1459 450 vera
1489 409 1703 460 scriptura

209 478 364 519 haberi
402 480 553 531 possit.
612 480 700 520 Fac
740 480 877 527 enim,
906 479 1129 518 Venerem
1169 479 1234 526 id,
1275 478 1391 530 quod
1430 478 1630 517 voluerat
1659 481 1704 516 et

209 550 498 598 spectaverat,
529 559 556 586 a
584 547 773 586 bubulco
804 546 968 585 factum
998 546 1052 585 iri
1081 557 1169 586 non
1201 547 1346 586 solum
1378 555 1593 597 sperasse,
1624 544 1704 584 sed

210 616 345 656 etiam
359 617 571 657 confisam
585 615 735 664 fuisse,
755 626 940 667 eamque
961 617 1191 666 praeterea
1211 617 1401 666 pastoris
1424 614 1603 654 miseria
1624 613 1703 652 mi-

208 686 396 736 tigatam
426 688 472 725 et
502 685 742 725 emollitam
774 694 892 724 esse:
940 684 1169 735 apparebit
1199 684 1462 732 clarissime,
1508 696 1587 723 cur
1617 684 1702 723 dici

207 753 409 804 potuerit,
440 763 539 793 eam
568 755 762 803 ridentem,
793 754 818 794 i.
850 765 887 793 e.
920 753 1065 795 laetam
1094 754 1350 794 accessisse.
1403 753 1462 792 At
1492 753 1702 804 quoniam

210 822 406 862 nondum
438 833 486 862 se
518 826 774 873 superatum
805 832 904 862 esse
925 822 1124 871 Daphnis
1154 825 1305 871 aperte
1337 820 1567 860 confessus
1599 824 1703 868 erat,

210 889 430 929 occultare
451 890 603 930 debuit
632 891 716 930 hoc
746 890 1016 930 reconciliati
1037 890 1174 929 animi
1204 890 1383 940 signum
1406 893 1450 928 et
1475 888 1703 940 paululum

210 958 438 998 etiamtum
469 960 719 1008 reprimere.
755 960 908 1009 Itaque
928 959 1093 997 factum
1115 961 1193 1005 est,
1217 962 1266 996 ut
1286 958 1502 997 accedens
1523 957 1579 996 ad
1601 967 1704 995 eum

212 1023 355 1065 fronte
386 1026 497 1065 iram
539 1026 777 1073 simularet.
836 1026 1010 1065 Etenim
1041 1025 1226 1065 verbum
1265 1017 1422 1076 ἀνέχειν
1454 1024 1704 1075 significare

210 1093 252 1132 h.
281 1093 307 1131 l.
337 1096 378 1132 in
409 1093 534 1133 altum
565 1093 759 1141 attollere,
785 1105 886 1146 prae
915 1106 954 1133 se
979 1094 1106 1145 ferre,
1146 1092 1255 1131 mihi
1295 1095 1413 1131 recte
1454 1092 1706 1142 disputasse

209 1159 415 1199 videntur
454 1160 772 1200 Valckenarius
823 1161 867 1200 in
919 1161 984 1200 ed.
1037 1164 1081 1200 et
1119 1160 1411 1199 Doederlinus
1456 1158 1584 1200 Reden
1625 1161 1707 1200 und

209 1227 399 1281 Aufscitze
442 1229 491 1268 Π.
521 1241 559 1278 p.
594 1224 671 1267 161
706 1239 787 1279 sq.,
845 1230 920 1279 qui
970 1229 1104 1267 etiam
1150 1229 1196 1268 in
1237 1228 1507 1277 explicandis
1556 1227 1704 1266 verbis

209 1295 574 1336 antecedentibus
604 1296 734 1347 plane
776 1307 951 1337 mecum
983 1296 1211 1337 consentit.
1273 1295 1563 1337 Commendat
1592 1295 1707 1335 hanc

211 1365 622 1414 interpretationem
654 1365 787 1404 etiam
825 1365 969 1404 Nonni
1001 1376 1113 1416 quae
1145 1364 1319 1404 videtur
1348 1364 1546 1412 imitatio,
1579 1365 1704 1414 cujus

212 1433 348 1472 verba
393 1432 556 1472 attullit
599 1433 856 1480 Jacobsius‚
903 1433 1029 1472 Dion.
1058 1432 1248 1471 XXXIV.
1277 1428 1363 1470 302
1394 1442 1455 1482 sq.
1497 1424 1552 1479 ὦς
1594 1425 1706 1472 ἐτεὲν

210 1497 363 1540 κοτέων
402 1493 557 1553 πρόμος
596 1493 735 1553 ἤπιος·
778 1492 1009 1553 ἀμφότερον
1048 1492 1148 1552 γὰρ,
1188 1491 1273 1552 εἶχε
1302 1493 1410 1539 νὸον
1442 1493 1705 1552 γελόωντα,

209 1564 356 1619 χόλον
395 1561 429 1606 δ’
469 1561 684 1621 ἀνέφηνε
720 1562 1002 1622 προσώπῳ.*)
1064 1569 1229 1607 Verum
1261 1568 1380 1619 quod
1410 1579 1574 1619 magna
1604 1580 1704 1608 cum

211 1636 373 1676 fiducia
403 1636 557 1675 Venus
589 1639 930 1686 exspectaverat,
960 1636 1002 1675 id
1034 1646 1123 1675 non
1152 1640 1359 1676 assecuta
1389 1639 1468 1676 est.
1506 1636 1705 1687 Daphnis

209 1709 411 1744 sanctum
442 1705 549 1743 illud
579 1705 856 1754 promissum,
895 1704 1012 1755 quod
1044 1704 1225 1744 dederat
1254 1704 1375 1753 deae,
1404 1704 1450 1744 in
1481 1706 1607 1754 cujus
1637 1708 1704 1745 tu·

207 1773 343 1813 telam
374 1784 423 1813 se
454 1773 756 1821 commiserat,
797 1784 938 1824 usque
969 1773 1024 1812 ad
1053 1773 1170 1813 vitae
1209 1774 1344 1813 finem
1373 1773 1583 1824 religiose
1614 1784 1704 1814 ser-

207 1842 337 1881 vavit.
396 1841 694 1890 Quamobrem
724 1852 762 1881 v.
795 1836 877 1880 102
904 1850 966 1892 sq.
997 1844 1115 1880 recte
1145 1840 1401 1891 praedicare
1432 1842 1586 1892 potuit,
1618 1841 1703 1881 sibi

209 1910 407 1950 nondum
437 1909 634 1949 omnium
667 1909 837 1948 dierum
870 1908 1009 1948 solem
1041 1909 1277 1957 occidisse,
1314 1911 1450 1949 immo
1487 1920 1536 1949 se
1568 1911 1702 1950 etiam

209 1978 325 2027 apud
355 1977 520 2016 inferos
551 1977 705 2015 Amori
736 1987 917 2026 gravem
949 1977 1145 2015 dolorem
1175 1980 1431 2027 paraturum
1461 1988 1573 2018 esse.
1622 1977 1703 2018 Est

209 2046 327 2100 enim
358 2046 466 2085 satis
496 2044 791 2093 manifestum,
822 2045 936 2084 bene
963 2045 1196 2095 cognitum
1224 2045 1436 2086 habuisse
1466 2050 1701 2097 pastorem,

210 2114 326 2164 quod
359 2116 479 2153 esset
508 2113 696 2152 Veneris
726 2113 979 2163 eonsilium;
1012 2116 1058 2153 at
1087 2114 1323 2165 quominus
1355 2114 1396 2154 ei
1425 2125 1596 2155 morem
1627 2126 1702 2167 ge—

210 2185 337 2229 reret,
366 2182 582 2231 religione
613 2183 882 2232 prohibitum
908 2193 1019 2223 esse.
1058 2184 1149 2223 Nec
1168 2195 1272 2224 vero
1303 2185 1414 2224 haec
1445 2185 1540 2224 sola
1569 2195 1704 2225 causa

208 2249 300 2297 fuit,
332 2249 411 2289 sed
432 2250 781 2301 maxima-quod
802 2251 944 2291 Diana
971 2252 1068 2301 ipsa
1093 2263 1305 2302 praesens
1326 2253 1540 2293 adstabat.
1576 2253 1703 2293 Hanc

210 2318 327 2358 enim
356 2321 641 2367 praesentem
663 2318 845 2358 affuisse
877 2322 922 2358 et
951 2322 1045 2359 tota
1074 2319 1223 2360 fabula
1244 2321 1403 2361 suadet
1433 2325 1477 2361 et
1507 2322 1704 2362 indicant

208 2386 305 2437 ipsa
335 2388 492 2437 poetae
522 2386 668 2425 verba.
727 2386 790 2424 Ex
821 2397 874 2425 ea
904 2387 1141 2435 sententia,
1182 2399 1314 2439 quam
1345 2390 1527 2440 concepi
1557 2390 1611 2429 de
1642 2390 1704 2430 fa-

207 2453 311 2492 bula
331 2453 574 2504 Daphnidis
592 2453 863 2501 Theocritea,
882 2454 1120 2503 apparebit,
1142 2465 1215 2495 me
1235 2455 1290 2496 de
1311 2465 1449 2498 sensu
1468 2467 1625 2498 versus
1644 2452 1701 2497 85

299 2585 328 2629 ⁰²)
352 2584 499 2619 Dubius
524 2584 644 2619 adhuc
669 2585 818 2625 haereo,
848 2594 919 2619 vox
944 2582 1057 2628 ἁδεῖα,
1084 2596 1180 2630 quae
1204 2586 1345 2633 legitur
1369 2600 1404 2624 v.
1429 2590 1483 2630 95,
1508 2593 1632 2624 utrum
1657 2600 1703 2625 ex

208 2641 424 2679 Buttmanni
449 2643 638 2677 sententia
666 2652 734 2686 pro
760 2651 899 2686 genere
925 2645 1059 2677 neutro
1085 2644 1305 2688 accipienda
1329 2648 1366 2680 et
1396 2656 1479 2681 cum
1503 2647 1702 2691 participio

207 2698 364 2745 γελόωσα
383 2698 579 2742 jungenda
603 2699 653 2731 sit
677 2710 734 2738 an,
760 2701 799 2731 ut
819 2698 937 2731 voluit
952 2698 1252 2741 G-Hermannus,
1276 2701 1526 2745 appositionis
1545 2701 1629 2738 loco
1654 2703 1703 2737 ad

208 2757 364 2794 verbum
386 2746 471 2801 ἦνέκ
493 2753 631 2790 referri
656 2754 802 2791 debeat,
835 2754 1011 2790 Ahrensii
1029 2755 1181 2800 quidem
1206 2757 1402 2799 sententia,
1423 2759 1487 2802 qui
1510 2769 1595 2795 eam
1619 2770 1703 2795 eum

209 2816 337 2851 verbis
370 2814 429 2851 καὶ
459 2811 482 2850 οἱ
507 2812 642 2857 Κύπρις
678 2813 888 2856 conjunxit,
924 2813 1015 2846 mihi
1047 2817 1206 2857 propter
1241 2814 1390 2849 articuli
1419 2815 1705 2853 collocationem

210 2872 411 2918 probanda
435 2881 508 2906 non
531 2869 691 2905 videtur.
