1911 3215
934 117 992 161 44

211 235 358 283 habet,
390 238 439 274 ut
469 235 523 274 id.
545 236 573 274 Ι.
596 247 633 276 V.
655 232 711 274 96
742 229 893 274 contra
911 233 1184 273 Abi-ensium
1214 227 1410 285 γελὰοισα
1437 234 1717 274 retinendum

210 313 429 342 censeam.
478 303 591 345 Nam
622 304 707 343 hoc
737 294 1039 353 ὃμοιοτέλευτον
1061 313 1161 349 non,
1194 301 1569 353 quemadmodum
1589 304 1717 351 puta-

207 372 271 409 vit
302 371 573 410 Fritzschius
604 384 643 421 p.
674 367 746 417 23,
778 381 831 408 ex
862 370 1103 417 Theocriti,
1135 370 1213 409 sed
1246 381 1270 408 e
1301 370 1546 420 carminum
1577 369 1716 419 magi-

208 450 359 477 corum
390 439 638 478 imitatione
669 448 928 487 expressum
961 448 1062 477 esse
1095 439 1313 478 existimo.

321 504 574 558 Apostrophes
615 517 744 544 usum
785 505 1014 555 Vergilius
1057 507 1134 546 ecl.
1172 507 1244 545 VI.
1284 502 1341 545 47
1382 516 1494 557 sqq,
1541 513 1588 545 ut
1621 505 1716 553 jam

206 574 392 613 Ursinus
424 574 746 620 animadvertit,
777 573 958 613 lectioni
989 574 1044 614 id.
1070 575 1161 614 VII.
1190 569 1245 614 83
1278 585 1370 625 sqq.
1404 574 1565 615 debere
1597 572 1715 614 vide-

205 643 287 689 tur,
320 641 530 692 quoniam
564 651 616 679 ex
647 641 730 680 hoc
762 640 914 691 idyllio
944 642 1167 690 permulta
1197 642 1364 692 petivit.
1416 641 1502 681 Sed
1533 641 1716 691 amplifi-

206 710 321 748 cavit
352 720 464 760 quae
497 709 614 758 apud
647 710 932 749 Theocritum
964 710 1175 758 leguntur
1205 710 1283 756 ita,
1325 713 1372 748 ut
1403 721 1518 750 nova
1558 710 1717 749 oratio-

205 777 273 816 nis
307 776 596 817 conversione
630 788 665 816 ν.
690 772 745 814 55
776 777 1028 826 Pasiphaen
1059 777 1203 827 ipsam
1236 777 1560 818 exclamantem
1592 778 1716 819 indu-

205 849 334 885 ceret.

317 913 356 952 A
388 913 508 952 nullo
541 913 732 963 denique
763 913 1126 953 animadversum
1159 917 1246 960 est,
1277 916 1456 962 poetam
1488 924 1586 953 eam
1619 925 1715 954 ora-

205 983 338 1023 tionis
370 981 658 1033 elegantiam,
690 992 803 1033 quae
835 985 904 1021 est
935 982 1012 1022 ecl.
1043 982 1110 1022 IX.
1144 977 1199 1023 19
1232 992 1314 1033 sq,
1352 982 1529 1022 Moschi
1559 982 1614 1022 id.
1645 982 1715 1023 111.

207 1047 263 1090 82
295 1063 356 1102 sq.
390 1050 563 1089 debere.
621 1050 733 1089 Nam
766 1052 953 1100 utroque
982 1050 1100 1097 loco,
1143 1061 1254 1101 quae
1297 1062 1322 1090 a
1352 1051 1491 1090 Bione
1534 1054 1578 1091 et
1606 1051 1716 1090 Ver-

213 1120 319 1171 gilio
351 1119 461 1159 alias
494 1118 715 1168 descripta
747 1121 860 1167 sunt,
892 1119 954 1159 ita
983 1117 1275 1169 proferuntur,
1307 1119 1435 1171 quasi
1457 1118 1643 1162 fecerint
1664 1129 1716 1159 ea

208 1191 385 1239 poetae,
434 1198 522 1228 non
565 1187 690 1238 quasi
737 1190 870 1227 cantu
920 1188 1249 1229 celebraverint.
1321 1188 1448 1236 Quod
1488 1187 1716 1238 Vergilius

212 1257 401 1297 eandem
432 1257 620 1307 figuram
652 1256 697 1296 in
729 1256 910 1307 eclogae
943 1259 1105 1304 sextae,
1138 1268 1270 1308 quam
1301 1259 1403 1307 post
1428 1268 1594 1298 nonam
1616 1268 1716 1298 con-

212 1327 402 1376 scripsit,
442 1337 480 1365 V.
510 1321 566 1364 46
598 1328 641 1364 et
670 1320 727 1364 62
758 1335 821 1377 sq.
850 1326 1057 1367 liberiore
1089 1327 1281 1378 quodam
1312 1326 1444 1367 modo
1476 1326 1716 1377 usurpavit,

210 1406 298 1435 non
330 1394 555 1445 prohibet,
597 1394 833 1445 quominus
866 1405 964 1434 eam
997 1395 1186 1445 primam
1227 1396 1446 1445 originem
1487 1407 1512 1435 a
1545 1395 1714 1435 Graeco

210 1466 342 1514 poeta
373 1462 562 1503 traxisse
592 1466 734 1512 putes.
779 1462 876 1502 Non
907 1463 1077 1513 ignoro,
1108 1463 1380 1504 Ahrensium
1411 1464 1493 1505 hoc
1516 1463 1715 1514 idyllium

211 1544 237 1570 a
267 1532 452 1571 Moscho
485 1531 777 1579 abjudicasse.
840 1531 986 1579 Quare
1019 1533 1102 1571 etsi
1135 1533 1247 1573 scire
1279 1544 1368 1573 non
1404 1543 1605 1583 possum,
1647 1533 1717 1573 cui

208 1599 396 1650 tempori
429 1599 535 1639 illud
568 1599 748 1646 tribuat,
790 1600 937 1638 tamen
969 1599 1160 1642 fortasse
1203 1604 1246 1640 et
1286 1601 1397 1641 haec
1438 1605 1482 1641 et
1520 1601 1716 1653 reliquae

205 1668 489 1714 imitationes,
522 1677 632 1717 quas
665 1668 737 1707 hic
770 1668 928 1707 afferre
960 1680 1049 1708 non
1081 1670 1250 1717 attinet,
1282 1670 1338 1709 ad
1368 1670 1575 1710 carminis
1598 1672 1716 1709 aeta-

203 1739 294 1775 tem
327 1735 625 1775 definiendam
658 1746 746 1775 non
778 1735 960 1776 inutiles
993 1740 1131 1778 erunt.

596 2010 868 2081 caput
910 2012 1326 2083 quartum.

794 2167 846 2207 Be
878 2179 919 2207 rc
949 2166 1124 2208 metrica.

319 2283 566 2333 Vergilium
611 2283 809 2322 numeris
852 2286 953 2334 apte
996 2283 1215 2334 eligendis
1260 2285 1488 2335 egregiam
1534 2297 1714 2336 operam

203 2352 393 2400 dedisse,
425 2362 497 2391 res
530 2355 598 2392 est
628 2352 874 2393 notissima.
927 2354 1081 2405 Itaque
1112 2353 1274 2393 mirum
1307 2365 1406 2394 esse
1437 2366 1525 2395 non
1556 2358 1715 2405 potest,

203 2421 321 2472 quod
353 2424 430 2460 aut
460 2421 543 2459 hac
575 2421 619 2459 in
651 2433 697 2459 re
728 2425 905 2470 poetam
930 2422 1127 2462 Siculum
1150 2433 1250 2462 cum
1272 2433 1482 2472 prospero
1504 2433 1715 2464 successu

201 2490 456 2531 aemulatus
489 2492 558 2528 est
588 2488 654 2536 (cf.
687 2490 741 2529 id.
774 2490 800 2530 Ι.
833 2484 860 2529 8
891 2502 992 2530 cum
1025 2491 1101 2531 ecl.
1124 2490 1175 2531 V.
1204 2486 1271 2530 47.
1303 2487 1582 2532 id.111.2——5
1614 2504 1713 2533 cum

201 2560 278 2599 ecl.
311 2546 635 2604 IX.'23——-25)‚
678 2560 771 2604 aut,
814 2559 888 2597 ubi
919 2571 1007 2598 non
1039 2562 1214 2609 poterat
1244 2560 1380 2598 verba
1412 2561 1507 2607 ejus
1539 2561 1713 2609 imitari,

202 2632 344 2667 metro
376 2638 472 2666 rem
505 2625 676 2675 adjuvit
709 2623 776 2672 (cf.
807 2625 861 2665 id.
893 2627 942 2667 V.
972 2624 999 2667 7
1030 2639 1132 2668 cum
1165 2627 1240 2667 ecl.
1273 2627 1340 2667 III.
1377 2623 1441 2669 27.
1481 2628 1535 2671 id.
1566 2630 1617 2671 V.
1657 2625 1714 2669 89

202 2708 301 2736 cum
341 2696 417 2734 ecl.
450 2695 519 2734 III.
556 2690 625 2735 65.
662 2693 716 2732 id.
745 2694 836 2732 VII.
875 2690 932 2733 48
972 2707 1073 2735 cum
1115 2697 1191 2735 ecl.
1228 2696 1296 2735 IX.
1338 2692 1413 2746 36,
1459 2708 1512 2738 ex
1551 2698 1712 2749 quibus

203 2777 313 2816 quos
345 2767 573 2815 postremo
606 2762 702 2802 loco
735 2762 912 2802 laudavi
941 2775 1097 2804 versus
1129 2769 1360 2814 propterea
1400 2766 1713 2808 memorabiles

203 2836 317 2881 sunt,
351 2832 482 2883 quod,
515 2842 653 2882 quum
673 2833 807 2881 poeta
830 2831 1026 2872 Graecus
1047 2832 1184 2872 verbo
1205 2827 1415 2883 κοκκύζειν
1439 2837 1483 2874 et
1504 2834 1713 2884 spondeis
