1911 3215
939 112 993 157 15

214 239 305 280 VII.
339 234 393 280 12
421 249 516 290 sqq.
561 233 667 284 XL),
715 235 761 274 in
806 232 1014 273 omnibus
1056 239 1162 269 vero
1207 226 1321 267 alius
1367 235 1544 275 semper
1587 226 1720 275 atque

215 318 356 348 novus
387 302 575 353 evasit*)
607 305 652 344 in
684 313 825 355 eoque
857 301 994 341 etiam
1026 306 1310 347 summopere
1341 293 1562 341 excelluit,
1593 292 1721 344 quod,

218 377 293 416 ubi
314 377 400 417 duo
421 374 660 415 inducendi
682 376 818 419 erant,
850 380 928 410 eos
952 366 1245 408 diversissimi
1266 363 1438 414 ingenii
1461 373 1560 402 esse
1581 362 1722 401 voluit

217 442 283 492 (cf.
314 444 515 494 inprimis
545 443 601 483 id.
631 442 703 481 IV.
733 441 784 479 V.
816 437 892 486 X.).
953 438 1000 476 In
1032 435 1257 476 nonnullis
1291 445 1344 473 ex
1375 432 1445 471 his
1484 431 1722 470 virtutibus

215 506 347 564 poeta
376 513 604 552 Romanus
636 521 736 549 cum
768 514 947 547 auctore
979 509 1068 545 suo'
1090 504 1278 544 feliciter
1309 500 1505 541 certavit.
1555 499 1723 539 Eadem

219 582 338 621 enim
369 591 516 620 rerum
548 579 740 619 varietas
781 578 826 616 in
859 576 1015 625 ecloga
1054 574 1202 620 tertia,
1245 570 1403 610 eadem
1444 568 1620 607 diversa
1650 579 1725 618 pa-

218 655 387 691 storum
416 649 589 689 indoles
620 649 665 688 in
696 647 896 698 septima,
928 650 1063 695 utque
1085 653 1201 681 nova
1233 643 1278 680 et
1308 639 1395 679 alia
1419 648 1598 687 semper
1626 647 1724 687 pro-

219 718 363 766 ferret,
394 718 612 770 quaedam
653 717 749 767 ipse
788 714 958 754 invenit
997 711 1262 762 pulcerrime
1304 706 1371 755 (cf.
1404 707 1481 746 ecl.
1513 707 1542 745 Ι.
1584 706 1643 744 IX
1683 709 1727 744 et

224 786 440 837 septimae
471 782 686 834 initium);
729 787 774 823 at
802 792 983 832 prorsus
1016 780 1143 819 abest
1173 777 1249 816 illa
1278 775 1496 815 irrisionis
1529 774 1727 814 suavitas

222 867 273 894 ac
309 857 544 901 venustas,
595 856 640 892 et
675 862 731 890 ne
773 850 880 889 illud
923 848 1102 900 quidem
1142 846 1277 892 cavit,
1330 843 1445 895 quod
1480 842 1727 882 cavendum

223 927 318 962 erat
337 934 470 975 quam
489 920 845 970 diligentissime,
859 929 915 956 ne
938 917 1216 955 diversorum
1236 913 1490 962 idylliorum
1503 920 1661 950 versus
1681 913 1728 948 ut

224 991 399 1030 diverso
422 990 568 1028 colore
588 986 813 1038 praeditos
836 986 881 1024 in
899 996 1034 1024 unam
1058 983 1260 1034 eclogam
1281 979 1551 1020 transferret.
1593 979 1728 1029 Cujus

220 1059 318 1098 vitii
349 1058 435 1097 duo
466 1056 822 1097 luculentissima
853 1053 1111 1093 testimonia
1140 1051 1356 1102 praebent
1378 1049 1560 1099 eclogae
1592 1049 1731 1088 altera

223 1129 268 1166 et
317 1127 458 1166 tertia.
517 1126 566 1164 In
612 1124 803 1175 priorem
852 1122 970 1162 enim
1002 1121 1130 1161 facile
1177 1120 1233 1159 ad
1276 1117 1616 1169 intelligendum
1661 1121 1730 1157 est

223 1207 356 1246 quam
386 1206 476 1234 non
508 1197 607 1243 apte
640 1193 778 1239 tertii,-
820 1191 953 1238 sexti,
997 1188 1220 1228 undecimi
1259 1187 1398 1237 idyllii
1430 1196 1587 1225 versus
1618 1186 1729 1225 illati

223 1263 331 1311 sint,
383 1273 517 1313 quum
558 1261 602 1298 in
650 1261 704 1298 iis
754 1259 960 1298 omnibus
1011 1256 1334 1295 dissimillimus
1386 1254 1507 1293 color
1556 1255 1636 1303 sit;
1684 1254 1728 1292 in

220 1330 466 1381 posteriore
496 1340 600 1368 vero
631 1340 788 1378 parum
819 1330 947 1366 caute
979 1337 1092 1376 quae
1116 1336 1257 1375 usque
1288 1324 1345 1363 ad
1374 1326 1605 1373 pastorum
1639 1334 1729 1362 cer-

222 1400 373 1436 tamen
425 1396 629 1435 dicuntur
660 1406 713 1433 ex
762 1394 913 1443 idyllio
967 1393 1119 1444 quinto
1171 1395 1215 1431 et
1263 1394 1419 1431 octavo
1467 1391 1730 1431 adumbrata

227 1462 398 1512 sunt.**)
461 1465 741 1515 Quamquam
773 1464 858 1502 hoc
889 1473 977 1502 non
1009 1463 1071 1500 ita
1102 1473 1127 1500 a
1159 1472 1231 1500 me
1263 1460 1429 1499 dictum
1459 1460 1572 1507 volo,
1604 1460 1732 1512 quasi

224 1543 446 1585 nusquam
477 1536 611 1583 poeta
641 1532 703 1571 rei
737 1531 993 1571 subvenerit
1023 1531 1102 1578 ita,
1135 1533 1184 1569 ut
1213 1529 1478 1570 Theocritea
1508 1529 1732 1568 liberrime

224 1606 492 1649 convertere,
523 1607 787 1651 permutare,
818 1601 1043 1640 inflectere
1066 1599 1276 1639 studeret.
1316 1599 1444 1648 Quod
1474 1610 1611 1649 quum
1635 1599 1731 1647 jam

227 1670 410 1709 alterius
440 1669 578 1719 partis
610 1669 678 1716 sit,
709 1669 793 1707 hoc
823 1669 920 1707 loco
953 1667 1296 1718 significandum
1317 1667 1463 1717 magis
1496 1678 1629 1719 quam
1661 1677 1732 1706 ex-

224 1738 479 1789 plicandum
512 1740 616 1777 erat.
754 1790 761 1795 ,

339 1805 610 1857 Appendicis
631 1806 728 1845 loco
752 1816 1061 1852 commemoro,
1089 1804 1339 1856 Vergilium
1360 1803 1405 1843 in
1428 1803 1610 1855 eclogae
1632 1804 1734 1845 VIII

226 1868 351 1925 parte
399 1875 646 1924 posteriore
694 1874 828 1912 etiam
879 1873 923 1911 in
975 1873 1258 1923 depingendo
1306 1873 1488 1922 ingenio
1527 1874 1734 1913 muliebri

227 1954 407 1995 operam
422 1943 611 1991 dedisse,
628 1946 676 1982 ut
696 1942 836 1993 idyllii
857 1943 1040 1982 secundi
1058 1942 1244 1982 virtutes
1261 1941 1521 1982 imitaretur.
1544 1942 1671 1992 Quod
1692 1942 1734 1982 ei

230 2013 453 2053 interdum
483 2024 694 2063 prospere
733 2012 945 2060 cessisse,
987 2012 1060 2063 qui
1101 2012 1212 2051 haec
1241 2012 1438 2051 carmina
1478 2011 1594 2050 inter
1635 2011 1735 2061 ipsa

231 2081 568 2131 comparaverit,
620 2080 770 2119 statim
802 2090 1119 2119 concessurum
1158 2090 1258 2120 esse
1300 2090 1429 2130 spero
1462 2067 1735 2131 confidoque.

229 2148 393 2187 Mirum
433 2152 582 2188 tamen
622 2148 814 2200 aliquem
856 2148 1021 2188 habere
1061 2148 1204 2198 possit
1242 2148 1735 2200 habuitqueAdertum

228 2213 461 2255 Theocrite
491 2227 530 2264 p.
561 2211 636 2262 52,
680 2216 797 2266 quod
827 2217 910 2255 hac
941 2217 1176 2255 occasione
1208 2217 1356 2255 oblata
1385 2216 1550 2255 amoris
1580 2217 1736 2255 mulie-

231 2283 319 2324 bris
357 2282 447 2323 vim
488 2294 539 2322 ac
580 2284 908 2323 vehementiam
948 2284 1106 2323 leviter
1145 2284 1340 2323 indicare
1382 2296 1514 2335 quam
1556 2286 1734 2335 copiose

231 2353 471 2403 depingere
502 2352 668 2391 maluit.
727 2352 775 2390 Id
816 2352 920 2402 quin
960 2356 1188 2401 praestare
1228 2354 1442 2402 potuerit,
1484 2365 1619 2404 quum
1651 2365 1733 2394 nos

233 2420 435 2459 dubitare
467 2431 557 2459 non
593 2419 709 2459 sinat
738 2419 950 2458 Aeneidis
987 2419 1099 2459 liber
1130 2423 1334 2471 quartus,
1370 2422 1433 2460 rei
1467 2432 1602 2462 causa
1632 2423 1734 2462 inde

233 2488 474 2537 repetenda
505 2491 584 2537 est,
617 2488 733 2540 quod
762 2488 846 2527 hac
877 2488 921 2526 in
953 2488 1109 2538 ecloga
1138 2489 1350 2529 Pollionis
1376 2491 1509 2538 jussu
1540 2491 1737 2530 hortatu-

340 2652 370 2697 *)
402 2651 484 2689 Hoc
520 2653 558 2689 in
591 2665 732 2700 genere
768 2654 939 2700 inprimis
974 2655 1230 2702 memorabilis
1256 2659 1315 2691 est
1352 2667 1397 2691 ea
1433 2657 1548 2698 ratio,
1590 2667 1665 2702 qua
1698 2656 1735 2693 in

235 2713 340 2747 sexto
366 2714 404 2746 et
427 2711 465 2745 in
489 2712 686 2747 undecimo
711 2713 842 2758 idyllio
868 2712 1071 2758 Cyclopem
1097 2713 1276 2758 depinxit.

325 2769 371 2813 **)
396 2768 493 2804 Vide
518 2769 629 2803 modo
654 2781 688 2804 v.
719 2771 774 2811 32,
811 2772 918 2815 cujus
943 2772 1060 2805 verba
1083 2774 1217 2815 utpote
1242 2771 1335 2805 mire
1360 2781 1442 2806 cum
1467 2772 1648 2807 conviciis
1675 2785 1738 2809 an-

237 2827 383 2872 gressis
410 2826 666 2872 discrepantia
692 2838 848 2872 gravem
875 2828 1117 2863 offensionem
1144 2829 1337 2872 praebent.
