1911 3215
921 162 981 208 48

312 283 433 324 Haec
464 282 613 323 omnia
643 293 731 322 non
752 283 986 332 propterea
1007 280 1198 330 exhibui,
1231 292 1317 334 quo
1340 280 1709 330 demonstrarem,

201 352 304 404 quid
335 353 389 392 de
421 362 605 391 caesura
634 349 835 390 bucolica
865 350 911 389 in
942 349 1168 389 Theocriti
1208 349 1478 390 carminibus
1503 349 1707 398 judican-

201 422 303 461 dum
335 424 466 469 esset,
498 420 576 460 sed
602 422 650 459 ut
671 420 911 470 appareret,
944 428 1022 459 eos
1044 419 1373 469 grammaticos
1405 418 1480 470 qui
1502 420 1708 469 quartum

199 489 356 540 pedem
388 490 523 529 etiam
569 487 813 538 spondeum
851 496 952 526 esse
998 497 1133 537 posse
1179 489 1465 538 putaverunt,
1515 487 1705 537 Vergilii

200 558 344 609 magis
376 569 508 610 quam
540 555 761 596 Theocriti
792 565 904 605 opus
937 556 1224 606 spectavisse.
1283 556 1394 595 Nam
1425 555 1509 594 etei
1529 555 1707 595 Words·

199 626 382 666 worthio
422 637 509 665 non
552 624 764 670 conced0‚
806 624 881 675 qui
922 623 977 664 id.
1008 623 1121 664 VIII.
1155 620 1208 663 13
1252 627 1296 663 et
1325 624 1374 664 X.
1404 618 1461 662 38
1492 634 1706 664 caesurae

206 695 349 745 gratia
379 698 561 741 mutare,
582 693 637 733 id.
668 693 779 732 VIII.
808 688 863 731 31
896 695 942 732 et
970 688 1027 731 32
1058 693 1230 742 ejicere,
1262 693 1316 734 id.
1337 693 1395 733 XI
1416 703 1440 732 e
1462 693 1709 732 carminum

204 763 503 803 bucolicorum
536 772 718 801 numero
750 760 981 800 excludere
1012 761 1171 808 voluit,
1212 762 1422 812 quoniam
1453 761 1576 812 idylii
1605 761 1709 801 VIII

200 832 460 882 principium
494 831 730 870 maximam
760 832 933 880 partem
964 829 1017 869 ab
1052 829 1333 869 Artemidoro
1365 830 1630 880 profectum,
1661 831 1706 871 in

201 901 346 950 idyliis
378 900 414 939 X
446 903 490 938 et
511 900 566 938 XI
598 899 651 938 ad
685 898 1026 949 significandum
1057 898 1211 938 rudius
1244 901 1289 937 et
1318 898 1528 938 incultius
1551 909 1705 938 eorum

202 968 275 1020 qui
305 967 609 1018 producuntur
638 967 867 1017 ingenium
899 971 944 1006 et
973 976 1205 1006 caesuram
1238 967 1417 1017 saepius
1455 967 1708 1018 neglectam

205 1039 249 1075 et
279 1037 525 1087 spondeum
556 1036 806 1076 immissum
837 1047 1019 1084 censeo,
1056 1039 1204 1076 tamen
1237 1046 1291 1075 ex
1321 1037 1391 1076 his
1431 1036 1585 1087 paucis
1617 1046 1709 1075 car—

205 1105 373 1146 minum
406 1116 509 1146 vere
541 1106 840 1146 bucolicorum
861 1107 981 1155 locis,
1013 1106 1088 1146 ubi
1110 1107 1335 1157 spondeus
1355 1107 1400 1146 in
1422 1108 1580 1158 quarta
1601 1105 1709 1146 sede

207 1175 441 1224 reperitur,
487 1176 764 1225 grammatici
794 1176 864 1214 vix
894 1179 1101 1226 poterant
1131 1176 1413 1223 concludere,
1456 1175 1708 1226 promiscue

201 1246 244 1282 et
266 1243 489 1292 dactylum
514 1247 557 1283 et
578 1243 826 1293 spondeum
848 1245 963 1293 poni.
1013 1245 1047 1283 E
1071 1244 1291 1284 contrario
1312 1246 1557 1294 propterea,
1588 1243 1707 1294 quod

204 1322 357 1350 omnes
392 1322 502 1361 quos
534 1312 778 1351 attulerunt
807 1321 963 1351 versus
994 1323 1021 1351 a
1051 1312 1146 1351 solo
1178 1312 1269 1350 fere
1299 1309 1500 1360 Vergilio
1540 1311 1706 1361 petive-

193 1382 318 1425 runt,
372 1379 578 1431 quodque
608 1380 680 1418 hic
719 1380 814 1429 ipse
859 1391 938 1430 pro
978 1380 1152 1429 dactylo
1199 1380 1462 1430 saepissime
1508 1380 1706 1430 spondeo

193 1457 300 1485 usus
333 1450 418 1493 est,
463 1447 751 1486 manifestum
783 1457 883 1486 esse
913 1450 1031 1497 puto,
1064 1447 1164 1486 illos
1197 1447 1250 1486 de
1283 1447 1481 1496 spondeo
1512 1450 1705 1486 tantum-

194 1514 326 1553 modo
357 1518 538 1565 poetam
577 1516 828 1555 Romanum
879 1519 982 1555 ante
1023 1516 1175 1555 oculos
1219 1515 1442 1555 habuisse.
1502 1515 1567 1555 Ac
1609 1526 1706 1565 pro-

193 1582 309 1623 fecto
340 1583 465 1624 Maro
498 1585 542 1624 in
575 1585 742 1636 eclogis
774 1588 865 1624 tam
898 1595 1033 1635 saepe
1064 1585 1214 1624 intulit
1244 1585 1289 1624 in
1318 1585 1478 1635 pedem
1499 1586 1706 1635 quartum

192 1652 439 1702 spondeum
472 1654 686 1693 orationis
717 1658 894 1704 partem
925 1655 1260 1701 terminantem,
1306 1658 1355 1693 ut
1385 1664 1541 1693 omnes
1583 1654 1706 1693 locos

191 1730 452 1760 enumerare
484 1722 641 1761 inutile
676 1724 720 1760 et
751 1731 1133 1771 supervacaneum
1166 1721 1368 1761 habeam.
1417 1720 1596 1769 Causas,
1629 1732 1707 1760 cur

192 1788 310 1828 idem
341 1800 440 1829 raro
484 1789 658 1840 dactylo
702 1790 858 1829 eadem
899 1791 1071 1829 ratione
1113 1790 1157 1828 in
1201 1792 1357 1840 quarta
1396 1800 1553 1829 versus
1599 1790 1706 1829 sede

188 1867 296 1897 usus
330 1861 461 1906 esset,
491 1862 667 1898 veteres
701 1859 982 1909 grammatici
1012 1859 1095 1898 has
1126 1858 1388 1897 attulerunt:
1420 1859 1600 1908 poetam
1628 1860 1705 1897 aut

189 1927 414 1977 sprevisse
446 1939 547 1967 eum
581 1927 785 1967 dixerunt
816 1933 892 1968 aut
923 1928 1070 1978 operis
1103 1926 1362 1967 difficultate
1390 1928 1557 1967 victum
1578 1931 1703 1977 puta-

186 1998 355 2034 verunt.
415 1995 563 2034 Meam
596 1995 866 2034 sententiam
898 1996 936 2035 si
969 1995 1257 2047 quaesiveris,
1288 1995 1415 2043 mihi,
1458 1995 1497 2033 si
1528 1994 1702 2033 univer-

188 2075 288 2104 sum
321 2063 522 2104 Maronis
555 2075 667 2115 opus
700 2068 977 2115 spectamus,
1016 2065 1160 2115 prima
1203 2073 1341 2103 causa
1381 2063 1426 2102 in
1465 2073 1517 2103 eo
1558 2063 1704 2113 posita

192 2130 386 2179 videtur,
420 2133 556 2183 quod,
601 2144 737 2183 quum
768 2133 1034 2171 Theocritus
1065 2133 1166 2171 viva
1196 2131 1474 2183 popularium
1508 2131 1705 2170 carmina

193 2203 298 2239 ante
331 2200 483 2239 oculos
515 2200 766 2249 habuisset,
810 2211 922 2252 quae
956 2201 1153 2252 quotidie
1185 2200 1338 2240 audire
1368 2202 1542 2250 poterat
1573 2209 1705 2251 quae-

189 2279 275 2319 que
309 2269 558 2318 semperoei
589 2280 705 2307 nova
736 2269 1024 2307 incitamenta
1046 2269 1361 2319 suggerebant,
1392 2268 1477 2318 ipsi
1505 2268 1607 2307 talis
1629 2267 1703 2306 ad-

188 2336 381 2375 hortatio
414 2335 564 2376 defuit.
626 2336 702 2377 Sin
733 2348 838 2377 vero
871 2337 1073 2388 singulos
1104 2347 1262 2377 versus
1292 2341 1558 2388 spectamus,
1590 2346 1702 2387 quos

191 2416 214 2444 e
247 2405 418 2444 Graeco
449 2408 694 2454 transtulit,
732 2408 793 2446 ita
825 2407 1110 2446 statuendum
1147 2410 1276 2457 puto,
1319 2416 1422 2444 eum
1453 2416 1619 2454 magna
1651 2416 1704 2443 ex

187 2476 312 2523 parte
344 2473 407 2512 rei
446 2473 682 2513 insolentia
724 2485 749 2513 a
790 2484 973 2515 caesura
1013 2474 1232 2514 imitanda
1271 2472 1548 2523 prohibitum
1590 2482 1702 2520 esse,

189 2542 232 2580 id
256 2542 373 2593 quod
397 2537 627 2592 apparebit
649 2543 891 2583 clarissime
909 2555 962 2583 ex
979 2543 1280 2583 imitationum
1298 2544 1549 2591 conspectu,
1569 2550 1702 2592 quem

189 2616 386 2650 extremo
419 2611 504 2649 hoc
536 2620 668 2660 opere
700 2611 926 2660 exhibebo,
959 2611 1249 2651 nihilominus
1281 2613 1443 2657 tamen,
1474 2609 1551 2649 ubi
1573 2620 1700 2649 usur-

187 2679 306 2728 pavit
336 2688 583 2721 caesuram,
614 2678 658 2717 id
687 2680 923 2730 praecipue
946 2680 1170 2720 Theocriti
1201 2680 1387 2730 ejusque
1416 2680 1698 2720 aemulorum

188 2748 390 2787 versibus
420 2749 671 2797 permotum
704 2747 874 2788 fecisse.
943 2750 988 2788 Id
1021 2748 1306 2799 intelligetur,
1338 2747 1414 2787 ubi
1446 2757 1602 2788 omnes
1625 2758 1702 2787 eos

191 2816 314 2855 locos
347 2817 610 2865 excitavero,
639 2817 683 2855 in
717 2815 877 2868 quibus
908 2818 969 2856 ita
998 2818 1164 2857 factum
1197 2826 1317 2865 esse,
1349 2817 1511 2867 adjecti
1544 2817 1701 2856 Graeci

191 2894 348 2924 versus
399 2886 655 2933 ostendent,
717 2897 987 2938 quamquam
1037 2887 1147 2926 mihi
1204 2886 1434 2927 fatendum
1493 2889 1580 2935 est,
1646 2886 1701 2926 de
