1911 3215
959 167 1014 211 93

350 283 416 323 De
447 282 578 336 ecloya
609 291 762 337 qumta,
807 283 853 324 in
892 296 978 337 qua
1008 284 1255 337 VergiliuS,
1306 286 1344 326 si
1381 285 1561 325 omnino
1592 286 1740 336 Daph-

229 352 344 393 nidis
376 352 572 392 fabulam
605 353 837 403 spectavit,
874 354 1058 394 alteram
1091 358 1272 395 secutus
1311 358 1395 403 est,
1436 366 1569 406 quam
1602 354 1738 394 Stesi-

229 421 391 461 chorus
420 422 590 472 primus
613 424 829 462 tractasse
850 422 1034 470 videtur,
1065 423 1151 462 alio
1174 423 1272 462 loco
1295 423 1565 462 sententiam
1587 434 1735 463 meam

229 489 276 528 in
320 489 518 529 medium
560 490 791 540 proferam.
850 491 1056 530 Potuisse
1092 491 1342 541 Vergilium
1386 502 1486 530 eam
1532 495 1738 532 accurate

230 558 456 609 cognitam
492 558 675 607 habere,
720 560 822 608 jure
861 559 1022 611 aliquis
1061 560 1317 609 conjecerit,
1369 560 1442 611 qui
1477 564 1657 611 poetam
1694 564 1739 600 et

229 626 421 667 amicum
443 627 634 668 Cornelii
666 628 781 668 Galli
813 631 856 668 et
887 628 1151 679 discipulum
1181 628 1409 669 Parthenii
1438 628 1578 669 fuisse
1609 640 1737 680 repu-

228 696 402 736 taverit.
461 697 643 736 Interim
693 696 743 737 cf.
783 698 927 737 Parth.
959 698 1079 738 Narr.
1128 709 1211 738 am.
1261 697 1395 748 praef.
1438 701 1482 737 et
1523 710 1635 739 narr.
1667 694 1735 745 29,

230 764 422 805 Meinek.
454 765 534 805 An.
567 766 632 806 Al.
663 778 702 816 p.
733 761 819 805 257
850 777 923 818 sq,
955 767 1052 806 Jan.
1085 766 1141 805 ad
1171 766 1365 806 Macrob.
1398 765 1569 806 Saturn.
1591 767 1644 805 V.
1671 763 1734 806 17

232 828 296 875 18.
326 846 365 884 Ρ
395 830 489 883 454,
522 835 665 875 Adert.
697 834 877 874 Theocr.
908 831 964 873 45
997 846 1058 886 sq.

343 901 613 953 Appendicis
636 903 732 942 loco
757 903 973 954 quasdam
995 903 1273 951 conjecturas
1294 873 1551 952 proponam,
1575 903 1736 954 quibus

230 970 398 1022 aliquot
438 976 671 1021 poetarum
715 972 1017 1011 bucolicorum
1061 971 1171 1010 locis
1215 972 1443 1010 subveniri
1490 982 1624 1021 posse
1668 984 1735 1011 ar-

226 1038 374 1078 bitror.
435 1040 604 1078 Horum
636 1039 805 1089 primus
838 1043 908 1078 est
938 1040 1120 1078 Theocr.
1152 1039 1207 1077 id.
1239 1040 1346 1079 XXI.
1378 1051 1416 1079 v.
1446 1034 1504 1078 48
1536 1038 1638 1087 (Inc.
1665 1040 1735 1079 III.

226 1105 455 1153 Ahrens.):

458 1168 527 1204 Τὸν
553 1168 708 1214 κάλαμον
733 1166 766 1205 δ’
797 1168 862 1205 ὑπὸ
886 1170 935 1206 τῶ
960 1167 1152 1214 κινήματος
1177 1168 1325 1215 ἀγκύλον
1353 1168 1456 1216 εἶχον·

455 1225 503 1260 τὼ
527 1226 609 1271 χέρε
632 1222 824 1270 τεινόμενον
850 1225 1103 1271 περικλώμενον
1129 1223 1229 1271 εὐρὺν
1252 1223 1381 1271 ἀγῶνα.

343 1297 414 1337 Sic
445 1298 535 1338 fere
567 1300 612 1338 in
644 1300 767 1338 libris
799 1300 871 1339 hic
901 1310 1059 1340 versus
1100 1300 1274 1350 legitur.
1335 1302 1456 1340 Bene
1487 1301 1736 1342 Ahrensius

225 1366 392 1414 majore
425 1367 677 1407 discrimine
711 1379 811 1407 eum
843 1380 868 1407 a
898 1378 1031 1407 versu
1064 1369 1268 1420 sequenti
1303 1370 1507 1418 sejunxit.
1547 1370 1734 1422 Reliqua

225 1435 375 1474 omnia
405 1436 513 1475 mihi
545 1446 654 1475 sana
687 1436 779 1476 fore
811 1437 1034 1485 videntur,
1087 1438 1125 1476 si
1158 1449 1261 1476 eum
1292 1438 1354 1477 ita
1385 1439 1600 1489 scriptum
1631 1451 1731 1479 cum

226 1513 358 1542 versu
389 1505 672 1544 antecedenti
704 1505 1085 1553 conjunxerimus:
1118 1497 1187 1544 τὸν
1217 1499 1407 1558 κάλαμον
1439 1528 1494 1532 —
1523 1499 1645 1560 εἶχον,
1675 1501 1732 1547 τὼ

225 1566 318 1623 χέρε
347 1564 600 1624 τεινὸμενος,
632 1566 950 1626 περικλώμενος,
989 1566 1102 1627 εὐρὺν
1134 1566 1293 1624 ἀγῶνα,
1335 1574 1360 1614 i.
1393 1586 1427 1615 e.
1477 1577 1733 1623 „arundinem

228 1647 359 1678 autem
391 1653 415 1679 α
444 1649 550 1680 motu
585 1642 778 1691 inflexam
811 1646 930 1688 tenni,
962 1645 1128 1681 extensis
1154 1643 1343 1689 manibus,
1374 1646 1623 1691 incurvatus,
1653 1645 1731 1684 late

220 1714 360 1760 patens
380 1706 609 1748 certamen.“
634 1709 880 1760 Utrumque
902 1710 1182 1760 participium
1204 1711 1370 1761 passivi
1393 1712 1572 1762 generis
1595 1717 1664 1752 est
1687 1718 1730 1753 et

226 1777 505 1815 accusativus
537 1770 649 1829 εὐρὺν
682 1771 822 1828 ἀγῶνα
853 1780 932 1818 toti
965 1780 1199 1819 enunciato
1221 1781 1512 1830 appositionis
1534 1782 1630 1820 loco
1653 1783 1728 1821 ad-

227 1844 363 1892 ditus,
406 1845 458 1883 de
492 1856 576 1895 quo
607 1855 692 1884 usu
731 1845 780 1885 cf.
812 1847 934 1886 Bion.
966 1848 1014 1886 II.
1048 1843 1102 1886 10
1134 1857 1195 1898 sq.
1226 1840 1411 1899 ,ἅρπασε
1446 1840 1523 1887 τὰν
1546 1840 1724 1888 ‘EM—:vav

223 1905 324 1953 m‘zv’
363 1924 382 1950 0
413 1906 616 1962 βωκὸλος,
649 1902 725 1961 ἆγε
755 1906 790 1951 δ’
828 1910 871 1960 ἐς
886 1908 1026 1963 Ἴδαν,
1064 1908 1274 1969 Οἰνώνᾳ
1300 1909 1467 1955 κακὸν
1496 1910 1650 1967 ἅλγος“
1681 1922 1724 1956 et

224 1980 380 2018 Matth.
412 1976 437 2027 5
467 1976 553 2060 410
581 1993 619 2030 p.
650 1976 734 2019 916
766 1981 830 2021 ed
862 1983 929 2020 III.

226 2099 306 2132 coll.
331 2058 446 2142 Verg
481 2099 544 2133 ecl
572 2100 613 2132 V.
639 2100 682 2132 60
708 2110 762 2142 sq.
796 2103 833 2133 et
868 2101 949 2134 loco
997 2112 1031 2143 p.
1063 2103 1105 2136 92
1144 2101 1296 2135 laudato
1322 2101 1462 2135 XXIII.
1486 2103 1529 2137 20
1556 2114 1611 2146 sq.
1649 2106 1721 2147 (ap.

225 2155 314 2188 Ahr.
339 2155 415 2189 Inc.
440 2156 489 2189 id.
516 2156 558 2189 V.
582 2156 625 2191 20
652 2157 734 2200 sq).
782 2157 863 2191 Hoc
901 2168 1011 2200 quam
1045 2160 1147 2192 recte
1178 2158 1329 2198 fecerit,
1367 2158 1438 2192 alio
1463 2161 1634 2203 tempore
1661 2172 1720 2194 ex-

224 2221 371 2255 ponam.
420 2212 624 2246 Praeterea
648 2213 782 2247 mirum
811 2214 901 2248 mihi
939 2215 1092 2255 accidit,
1136 2215 1237 2258 quod
1276 2215 1334 2248 vir
1372 2215 1612 2251 doctissimus
1639 2217 1719 2252 Cal-

223 2268 348 2313 purnii
374 2271 411 2302 et
436 2267 649 2304 Nemesiani
674 2281 833 2314 prorsus
859 2271 1054 2306 immemor
1078 2272 1158 2306 fuit.
1194 2271 1243 2306 Hi
1268 2273 1364 2306 enim
1390 2283 1463 2306 non
1488 2274 1607 2307 solum
1626 2275 1717 2309 Ver-

225 2326 353 2370 gilium
391 2329 613 2370 ceterosque
639 2330 771 2371 poetas
797 2328 1004 2368 Romanos,
1031 2330 1099 2363 sed
1124 2330 1237 2363 etiam
1264 2330 1503 2363 Theocritum
1529 2331 1717 2365 interdum

225 2385 310 2417 ante
337 2383 463 2417 oculos
495 2384 715 2418 habuerunt.
763 2384 814 2418 Ut
851 2395 971 2428 pauca
1008 2385 1215 2428 proferam,
1255 2396 1350 2429 quae
1384 2387 1561 2420 memoria
1593 2391 1716 2428 teneo,

226 2443 356 2484 aperte
382 2440 603 2484 Calpurnius
630 2441 865 2474 adumbravit
894 2442 1050 2476 Theocr.
1070 2442 1134 2475 III.
1154 2444 1185 2482 9,
1212 2443 1275 2485 qui
1300 2453 1433 2476 versus
1458 2445 1504 2476 ab
1530 2446 1715 2479 Ahrensio

226 2497 370 2540 ejectus
396 2500 470 2538 est,
503 2497 568 2531 ecl.
594 2497 659 2531 111.
685 2498 728 2531 86
755 2508 855 2541 sqq,
882 2497 931 2532 id.
957 2497 1020 2532 XI.
1047 2499 1089 2533 36
1115 2508 1170 2542 sq.
1197 2499 1256 2541 (34
1282 2508 1336 2542 sq.
1363 2499 1467 2542 Ahr.)
1495 2500 1561 2535 ecl.
1588 2500 1634 2535 ΙΙ.
1661 2502 1715 2543 70,

225 2555 275 2589 id.
302 2554 400 2589 VIII.
419 2556 463 2591 82
488 2556 545 2598 (85
570 2555 673 2597 Ahr.)
701 2555 767 2589 ecl.
791 2554 853 2588 IV.
876 2556 939 2589 149
958 2566 1040 2599 sqq.
1066 2555 1312 2589 Nemesianus
1339 2560 1472 2590 autem.
1498 2557 1546 2591 id.
1572 2558 1671 2592 VIII.
1697 2561 1718 2593 4

225 2613 412 2657 spectavit
436 2612 502 2646 ecl.
528 2611 591 2646 IV.
610 2613 642 2647 2.
667 2612 770 2647 Alias
795 2613 925 2647 horum
950 2616 1145 2657 poetarum
1170 2613 1410 2655 imitationes,
1437 2624 1530 2657 quas
1557 2624 1716 2650 comme-

225 2680 373 2704 morare
399 2681 420 2703 a
445 2670 600 2704 consilio
622 2670 798 2705 Ahrensii
823 2670 984 2704 alienum
1008 2670 1125 2704 fuisse
1151 2671 1310 2710 videtur,
1336 2670 1483 2704 silentio
1508 2673 1717 2715 praeterire

225 2730 407 2772 praestat.
454 2727 634 2762 Fortasse
659 2728 755 2762 enim
781 2728 979 2771 aliquando
1006 2728 1195 2772 copiosius
1222 2728 1440 2771 disputabo,
1468 2728 1558 2771 quid
1583 2729 1619 2763 hi
1645 2731 1718 2765 duo

226 2787 362 2829 poetae
396 2786 433 2819 et
459 2795 480 2818 a
504 2784 674 2829 Vergilio
708 2788 745 2819 et
779 2796 800 2819 a
832 2784 1034 2819 Theocrito
1071 2784 1228 2819 mutuati
1270 2784 1353 2817 sint.
1402 2783 1596 2820 Neminem
1629 2797 1719 2822 vero

226 2846 314 2886 post
345 2843 494 2877 doctam
519 2842 674 2886 Hauptii
700 2843 1005 2877 dissertationem
1030 2854 1088 2877 me
1115 2844 1428 2886 reprehensurum
1469 2847 1579 2887 puto,
1618 2845 1720 2887 quod

225 2910 358 2935 rursus
383 2899 598 2935 Nemesiani
624 2899 775 2945 eclogas
802 2911 822 2934 a
848 2899 1073 2936 carminibus
1100 2899 1289 2946 Calpurnii
1323 2900 1558 2946 sejunxerim.
